[
    {
        "id": "7060293",
        "category": "Dairy & Eggs",
        "storeID": "4429",
        "productID": "20813628001_EA",
        "title": "Free Run Brown Eggs Large",
        "brand": "President's Choice",
        "regprice": null,
        "saleprice": "$6.49",
        "wasprice": "$7.24",
        "sale": "SAVE $0.75",
        "image": "https://assets.shop.loblaws.ca/products/20813628001/b3/en/front/20813628001_front_a06_@2.png",
        "point": null,
        "stock": null,
        "weight": "12 ea, $0.54/1ea",
        "last_update": "2024-11-20",
        "storetype": "Loblaws",
        "member_price": null,
        "non_member_price": null,
        "desc_price": null,
        "temp_id": null,
        "tsv_title_brand": "'brown':3 'choic':8 'egg':4 'free':1 'larg':5 'presid':6 'run':2",
        "count": 0,
        "cart": false
    },
    {
        "id": "7061399",
        "category": "Dairy & Eggs",
        "storeID": "4429",
        "productID": "21290460_EA",
        "title": "3 Cheese Pizza Shredded Cheese",
        "brand": "Cracker Barrel",
        "regprice": null,
        "saleprice": "$6.99",
        "wasprice": "$8.79",
        "sale": "SAVE $1.80",
        "image": "https://assets.shop.loblaws.ca/products/21290460/b3/en/front/21290460_front_a06_@2.png",
        "point": null,
        "stock": null,
        "weight": "320 g, $2.18/100g",
        "last_update": "2024-11-20",
        "storetype": "Loblaws",
        "member_price": null,
        "non_member_price": null,
        "desc_price": null,
        "temp_id": null,
        "tsv_title_brand": "'3':1 'barrel':7 'chees':2,5 'cracker':6 'pizza':3 'shred':4",
        "count": 0,
        "cart": false
    },
    {
        "id": "7061016",
        "category": "Dairy & Eggs",
        "storeID": "4429",
        "productID": "21091176_EA",
        "title": "Coffee Mate Liquid Creamer Caramel Macchiato",
        "brand": "Nestlé",
        "regprice": null,
        "saleprice": "$6.49",
        "wasprice": "$6.99",
        "sale": "SAVE $0.50",
        "image": "https://assets.shop.loblaws.ca/products/21091176/b3/en/front/21091176_front_a06_@2.png",
        "point": null,
        "stock": null,
        "weight": "946 ml, $0.69/100ml",
        "last_update": "2024-11-20",
        "storetype": "Loblaws",
        "member_price": null,
        "non_member_price": null,
        "desc_price": null,
        "temp_id": null,
        "tsv_title_brand": "'caramel':5 'coffe':1 'creamer':4 'liquid':3 'macchiato':6 'mate':2 'nestlé':7",
        "count": 0,
        "cart": false
    },
    {
        "id": "7061321",
        "category": "Dairy & Eggs",
        "storeID": "4429",
        "productID": "21208897_EA",
        "title": "Old Cheddar Cheese, Cashews & Cranberries Combo, 3 units",
        "brand": "Black Diamond",
        "regprice": null,
        "saleprice": "$5.00",
        "wasprice": "$5.49",
        "sale": "SAVE $0.49",
        "image": "https://assets.shop.loblaws.ca/products/21208897/b3/en/front/21208897_front_a06_@2.png",
        "point": "500 PC Optimum Points",
        "stock": null,
        "weight": "127.6 g, $3.92/100g",
        "last_update": "2024-11-20",
        "storetype": "Loblaws",
        "member_price": null,
        "non_member_price": null,
        "desc_price": null,
        "temp_id": null,
        "tsv_title_brand": "'3':7 'black':9 'cashew':4 'cheddar':2 'chees':3 'combo':6 'cranberri':5 'diamond':10 'old':1 'unit':8",
        "count": 0,
        "cart": false
    },
    {
        "id": "7060510",
        "category": "Dairy & Eggs",
        "storeID": "4429",
        "productID": "21184008_EA",
        "title": "Milk, Ultrafiltered Partly Skimmed  Chocolate 2% M.F.",
        "brand": "Dairyland",
        "regprice": null,
        "saleprice": "$4.99",
        "wasprice": "$5.49",
        "sale": "SAVE $0.50",
        "image": "https://assets.shop.loblaws.ca/products/21184008/b3/en/front/21184008_front_a06_@2.png",
        "point": null,
        "stock": null,
        "weight": "1 l, $0.50/100ml",
        "last_update": "2024-11-20",
        "storetype": "Loblaws",
        "member_price": null,
        "non_member_price": null,
        "desc_price": null,
        "temp_id": null,
        "tsv_title_brand": "'2':6 'chocol':5 'dairyland':8 'm.f':7 'milk':1 'part':3 'skim':4 'ultrafilt':2",
        "count": 0,
        "cart": false
    },
    {
        "id": "7060511",
        "category": "Dairy & Eggs",
        "storeID": "4429",
        "productID": "21183974_EA",
        "title": "Ultrafiltered Milk 3.25% M.F.",
        "brand": "Dairyland",
        "regprice": null,
        "saleprice": "$4.99",
        "wasprice": "$5.49",
        "sale": "SAVE $0.50",
        "image": "https://assets.shop.loblaws.ca/products/21183974/b3/en/front/21183974_front_a06_@2.png",
        "point": null,
        "stock": null,
        "weight": "1 l, $0.50/100ml",
        "last_update": "2024-11-20",
        "storetype": "Loblaws",
        "member_price": null,
        "non_member_price": null,
        "desc_price": null,
        "temp_id": null,
        "tsv_title_brand": "'3.25':3 'dairyland':5 'm.f':4 'milk':2 'ultrafilt':1",
        "count": 0,
        "cart": false
    },
    {
        "id": "7061142",
        "category": "Dairy & Eggs",
        "storeID": "4429",
        "productID": "21289756_EA",
        "title": "Cheddar Cheese with Habanero",
        "brand": "President's Choice",
        "regprice": null,
        "saleprice": "$6.49",
        "wasprice": "$6.99",
        "sale": "SAVE $0.50",
        "image": "https://assets.shop.loblaws.ca/products/21289756/b3/en/front/21289756_front_a06_@2.png",
        "point": null,
        "stock": null,
        "weight": "400 g, $1.62/100g",
        "last_update": "2024-11-20",
        "storetype": "Loblaws",
        "member_price": null,
        "non_member_price": null,
        "desc_price": null,
        "temp_id": null,
        "tsv_title_brand": "'cheddar':1 'chees':2 'choic':7 'habanero':4 'presid':5",
        "count": 0,
        "cart": false
    },
    {
        "id": "7060898",
        "category": "Dairy & Eggs",
        "storeID": "4429",
        "productID": "21040942_EA",
        "title": "Caramel Chocolate Milkshake",
        "brand": "Neilson",
        "regprice": null,
        "saleprice": "$1.00",
        "wasprice": "$2.29",
        "sale": "SAVE $1.29",
        "image": "https://assets.shop.loblaws.ca/products/21040942/b3/en/front/21040942_front_a06_@2.png",
        "point": null,
        "stock": null,
        "weight": "310 ml, $0.32/100ml",
        "last_update": "2024-11-20",
        "storetype": "Loblaws",
        "member_price": "Prepared in Canada",
        "non_member_price": null,
        "desc_price": null,
        "temp_id": null,
        "tsv_title_brand": "'caramel':1 'chocol':2 'milkshak':3 'neilson':4",
        "count": 0,
        "cart": false
    },
    {
        "id": "7060906",
        "category": "Dairy & Eggs",
        "storeID": "4429",
        "productID": "21431507_EA",
        "title": "Organic Yogurt, Strawberry",
        "brand": "Organic Meadow",
        "regprice": null,
        "saleprice": "$5.49",
        "wasprice": "$5.99",
        "sale": "SAVE $0.50",
        "image": "https://assets.shop.loblaws.ca/products/21431507/b3/en/front/21431507_front_a06_@2.png",
        "point": null,
        "stock": null,
        "weight": "4x100.0 g, $1.37/100g",
        "last_update": "2024-11-20",
        "storetype": "Loblaws",
        "member_price": null,
        "non_member_price": null,
        "desc_price": null,
        "temp_id": null,
        "tsv_title_brand": "'meadow':5 'organ':1,4 'strawberri':3 'yogurt':2",
        "count": 0,
        "cart": false
    },
    {
        "id": "7060994",
        "category": "Dairy & Eggs",
        "storeID": "4429",
        "productID": "21091209_EA",
        "title": "Coffee Mate Liquid French Vanilla",
        "brand": "Nestlé",
        "regprice": null,
        "saleprice": "$6.49",
        "wasprice": "$6.99",
        "sale": "SAVE $0.50",
        "image": "https://assets.shop.loblaws.ca/products/21091209/b3/en/front/21091209_front_a06_@2.png",
        "point": null,
        "stock": null,
        "weight": "946 ml, $0.69/100ml",
        "last_update": "2024-11-20",
        "storetype": "Loblaws",
        "member_price": null,
        "non_member_price": null,
        "desc_price": null,
        "temp_id": null,
        "tsv_title_brand": "'coffe':1 'french':4 'liquid':3 'mate':2 'nestlé':6 'vanilla':5",
        "count": 0,
        "cart": false
    },
    {
        "id": "7061018",
        "category": "Dairy & Eggs",
        "storeID": "4429",
        "productID": "21564632_EA",
        "title": "Coffee Crisp Liquid Coffee Enhancer",
        "brand": "Nestlé",
        "regprice": null,
        "saleprice": "$6.49",
        "wasprice": "$6.99",
        "sale": "SAVE $0.50",
        "image": "https://assets.shop.loblaws.ca/products/21564632/b3/en/front/21564632_front_a06_@2.png",
        "point": null,
        "stock": null,
        "weight": "828 ml, $0.78/100ml",
        "last_update": "2024-11-20",
        "storetype": "Loblaws",
        "member_price": null,
        "non_member_price": null,
        "desc_price": null,
        "temp_id": null,
        "tsv_title_brand": "'coffe':1,4 'crisp':2 'enhanc':5 'liquid':3 'nestlé':6",
        "count": 0,
        "cart": false
    },
    {
        "id": "7061326",
        "category": "Dairy & Eggs",
        "storeID": "4429",
        "productID": "21536895_EA",
        "title": "Ficello Mozzarella Cheese Cheestring -",
        "brand": "Amooza",
        "regprice": null,
        "saleprice": "$5.99",
        "wasprice": "$8.49",
        "sale": "SAVE $2.50",
        "image": "https://assets.shop.loblaws.ca/products/21536895/b3/en/front/21536895_front_a06_@2.png",
        "point": "1,000 PC Optimum Points",
        "stock": null,
        "weight": "228 g, $2.63/100g",
        "last_update": "2024-11-20",
        "storetype": "Loblaws",
        "member_price": null,
        "non_member_price": null,
        "desc_price": null,
        "temp_id": null,
        "tsv_title_brand": "'amooza':5 'chees':3 'cheestr':4 'ficello':1 'mozzarella':2",
        "count": 0,
        "cart": false
    },
    {
        "id": "7060513",
        "category": "Dairy & Eggs",
        "storeID": "4429",
        "productID": "20922823_EA",
        "title": "Naturally Lactose-Free Swiss Cheese",
        "brand": "President's Choice",
        "regprice": null,
        "saleprice": "$6.49",
        "wasprice": "$6.99",
        "sale": "SAVE $0.50",
        "image": "https://assets.shop.loblaws.ca/products/20922823/b3/en/front/20922823_front_a06_@2.png",
        "point": null,
        "stock": null,
        "weight": "300 g, $2.16/100g",
        "last_update": "2024-11-20",
        "storetype": "Loblaws",
        "member_price": null,
        "non_member_price": null,
        "desc_price": null,
        "temp_id": null,
        "tsv_title_brand": "'chees':6 'choic':9 'free':4 'lactos':3 'lactose-fre':2 'natur':1 'presid':7 'swiss':5",
        "count": 0,
        "cart": false
    },
    {
        "id": "7061146",
        "category": "Dairy & Eggs",
        "storeID": "4429",
        "productID": "21289763_EA",
        "title": "Monterey Jack Cheese With Jalapeño",
        "brand": "President's Choice",
        "regprice": null,
        "saleprice": "$6.49",
        "wasprice": "$6.99",
        "sale": "SAVE $0.50",
        "image": "https://assets.shop.loblaws.ca/products/21289763/b3/en/front/21289763_front_a06_@2.png",
        "point": null,
        "stock": null,
        "weight": "400 g, $1.62/100g",
        "last_update": "2024-11-20",
        "storetype": "Loblaws",
        "member_price": null,
        "non_member_price": null,
        "desc_price": null,
        "temp_id": null,
        "tsv_title_brand": "'chees':3 'choic':8 'jack':2 'jalapeño':5 'monterey':1 'presid':6",
        "count": 0,
        "cart": false
    },
    {
        "id": "7061145",
        "category": "Dairy & Eggs",
        "storeID": "4429",
        "productID": "21289689_EA",
        "title": "Extra Old White Cheddar",
        "brand": "President's Choice",
        "regprice": null,
        "saleprice": "$6.49",
        "wasprice": "$6.99",
        "sale": "SAVE $0.50",
        "image": "https://assets.shop.loblaws.ca/products/21289689/b3/en/front/21289689_front_a06_@2.png",
        "point": null,
        "stock": null,
        "weight": "400 g, $1.62/100g",
        "last_update": "2024-11-20",
        "storetype": "Loblaws",
        "member_price": null,
        "non_member_price": null,
        "desc_price": null,
        "temp_id": null,
        "tsv_title_brand": "'cheddar':4 'choic':7 'extra':1 'old':2 'presid':5 'white':3",
        "count": 0,
        "cart": false
    },
    {
        "id": "7061148",
        "category": "Dairy & Eggs",
        "storeID": "4429",
        "productID": "21289775_EA",
        "title": "Monterey Jack Cheese",
        "brand": "President's Choice",
        "regprice": null,
        "saleprice": "$6.49",
        "wasprice": "$6.99",
        "sale": "SAVE $0.50",
        "image": "https://assets.shop.loblaws.ca/products/21289775/b3/en/front/21289775_front_a06_@2.png",
        "point": null,
        "stock": null,
        "weight": "400 g, $1.62/100g",
        "last_update": "2024-11-20",
        "storetype": "Loblaws",
        "member_price": null,
        "non_member_price": null,
        "desc_price": null,
        "temp_id": null,
        "tsv_title_brand": "'chees':3 'choic':6 'jack':2 'monterey':1 'presid':4",
        "count": 0,
        "cart": false
    },
    {
        "id": "7061160",
        "category": "Dairy & Eggs",
        "storeID": "4429",
        "productID": "21290613_EA",
        "title": "Double Cheddar Shredded Cheese",
        "brand": "Cracker Barrel",
        "regprice": null,
        "saleprice": "$6.99",
        "wasprice": "$8.79",
        "sale": "SAVE $1.80",
        "image": "https://assets.shop.loblaws.ca/products/21290613/b3/en/front/21290613_front_a06_@2.png",
        "point": null,
        "stock": null,
        "weight": "320 g, $2.18/100g",
        "last_update": "2024-11-20",
        "storetype": "Loblaws",
        "member_price": null,
        "non_member_price": null,
        "desc_price": null,
        "temp_id": null,
        "tsv_title_brand": "'barrel':6 'cheddar':2 'chees':4 'cracker':5 'doubl':1 'shred':3",
        "count": 0,
        "cart": false
    },
    {
        "id": "7061302",
        "category": "Dairy & Eggs",
        "storeID": "4429",
        "productID": "21290439_EA",
        "title": "3 Cheese Mexicana Shredded Cheese,",
        "brand": "Cracker Barrel",
        "regprice": null,
        "saleprice": "$6.99",
        "wasprice": "$8.79",
        "sale": "SAVE $1.80",
        "image": "https://assets.shop.loblaws.ca/products/21290439/b3/en/front/21290439_front_a06_@2.png",
        "point": null,
        "stock": null,
        "weight": "320 g, $2.18/100g",
        "last_update": "2024-11-20",
        "storetype": "Loblaws",
        "member_price": null,
        "non_member_price": null,
        "desc_price": null,
        "temp_id": null,
        "tsv_title_brand": "'3':1 'barrel':7 'chees':2,5 'cracker':6 'mexicana':3 'shred':4",
        "count": 0,
        "cart": false
    },
    {
        "id": "7061322",
        "category": "Dairy & Eggs",
        "storeID": "4429",
        "productID": "21540213_EA",
        "title": "Nibblers Smokey Bacon Natural Snacking Cheese curds",
        "brand": "Armstrong",
        "regprice": null,
        "saleprice": "$4.99",
        "wasprice": "$7.49",
        "sale": "SAVE $2.50",
        "image": "https://assets.shop.loblaws.ca/products/21540213/b3/en/front/21540213_front_a06_@2.png",
        "point": null,
        "stock": null,
        "weight": "200 g, $2.50/100g",
        "last_update": "2024-11-20",
        "storetype": "Loblaws",
        "member_price": null,
        "non_member_price": null,
        "desc_price": null,
        "temp_id": null,
        "tsv_title_brand": "'armstrong':8 'bacon':3 'chees':6 'curd':7 'natur':4 'nibbler':1 'smokey':2 'snack':5",
        "count": 0,
        "cart": false
    },
    {
        "id": "7061140",
        "category": "Dairy & Eggs",
        "storeID": "4429",
        "productID": "21289708_EA",
        "title": "Gouda Cheese",
        "brand": "President's Choice",
        "regprice": null,
        "saleprice": "$6.49",
        "wasprice": "$6.99",
        "sale": "SAVE $0.50",
        "image": "https://assets.shop.loblaws.ca/products/21289708/b3/en/front/21289708_front_a06_@2.png",
        "point": null,
        "stock": null,
        "weight": "400 g, $1.62/100g",
        "last_update": "2024-11-20",
        "storetype": "Loblaws",
        "member_price": null,
        "non_member_price": null,
        "desc_price": null,
        "temp_id": null,
        "tsv_title_brand": "'chees':2 'choic':5 'gouda':1 'presid':3",
        "count": 0,
        "cart": false
    },
    {
        "id": "7061229",
        "category": "Dairy & Eggs",
        "storeID": "4429",
        "productID": "21290620_EA",
        "title": "Mozza Cheddar Shredded Cheese",
        "brand": "Cracker Barrel",
        "regprice": null,
        "saleprice": "$6.99",
        "wasprice": "$8.79",
        "sale": "SAVE $1.80",
        "image": "https://assets.shop.loblaws.ca/products/21290620/b3/en/front/21290620_front_a06_@2.png",
        "point": null,
        "stock": null,
        "weight": "320 g, $2.18/100g",
        "last_update": "2024-11-20",
        "storetype": "Loblaws",
        "member_price": null,
        "non_member_price": null,
        "desc_price": null,
        "temp_id": null,
        "tsv_title_brand": "'barrel':6 'cheddar':2 'chees':4 'cracker':5 'mozza':1 'shred':3",
        "count": 0,
        "cart": false
    },
    {
        "id": "7061147",
        "category": "Dairy & Eggs",
        "storeID": "4429",
        "productID": "21289722_EA",
        "title": "Havarti Cheese",
        "brand": "President's Choice",
        "regprice": null,
        "saleprice": "$6.49",
        "wasprice": "$6.99",
        "sale": "SAVE $0.50",
        "image": "https://assets.shop.loblaws.ca/products/21289722/b3/en/front/21289722_front_a06_@2.png",
        "point": null,
        "stock": null,
        "weight": "400 g, $1.62/100g",
        "last_update": "2024-11-20",
        "storetype": "Loblaws",
        "member_price": null,
        "non_member_price": null,
        "desc_price": null,
        "temp_id": null,
        "tsv_title_brand": "'chees':2 'choic':5 'havarti':1 'presid':3",
        "count": 0,
        "cart": false
    },
    {
        "id": "7061159",
        "category": "Dairy & Eggs",
        "storeID": "4429",
        "productID": "21539032_EA",
        "title": "Nibblers Original Natural Snacking Cheese curds",
        "brand": "Armstrong",
        "regprice": null,
        "saleprice": "$4.99",
        "wasprice": "$7.49",
        "sale": "SAVE $2.50",
        "image": "https://assets.shop.loblaws.ca/products/21539032/b3/en/front/21539032_front_a06_@2.png",
        "point": null,
        "stock": null,
        "weight": "200 g, $2.50/100g",
        "last_update": "2024-11-20",
        "storetype": "Loblaws",
        "member_price": null,
        "non_member_price": null,
        "desc_price": null,
        "temp_id": null,
        "tsv_title_brand": "'armstrong':7 'chees':5 'curd':6 'natur':3 'nibbler':1 'origin':2 'snack':4",
        "count": 0,
        "cart": false
    },
    {
        "id": "7061208",
        "category": "Dairy & Eggs",
        "storeID": "4429",
        "productID": "21601307_EA",
        "title": "Lactose Free Old Cheddar Shredded Chesse",
        "brand": "Cracker Barrel",
        "regprice": null,
        "saleprice": "$6.99",
        "wasprice": "$8.79",
        "sale": "SAVE $1.80",
        "image": "https://assets.shop.loblaws.ca/products/21601307/b3/en/front/21601307_front_a06_@2.png",
        "point": null,
        "stock": null,
        "weight": "300 g, $2.33/100g",
        "last_update": "2024-11-20",
        "storetype": "Loblaws",
        "member_price": null,
        "non_member_price": null,
        "desc_price": null,
        "temp_id": null,
        "tsv_title_brand": "'barrel':8 'cheddar':4 'chess':6 'cracker':7 'free':2 'lactos':1 'old':3 'shred':5",
        "count": 0,
        "cart": false
    },
    {
        "id": "7061301",
        "category": "Dairy & Eggs",
        "storeID": "4429",
        "productID": "21200688_EA",
        "title": "Shredded Cheddar Cheese With Habanero",
        "brand": "President's Choice",
        "regprice": null,
        "saleprice": "$5.00",
        "wasprice": "$6.99",
        "sale": "SAVE $1.99",
        "image": "https://assets.shop.loblaws.ca/products/21200688/b3/en/front/21200688_front_a06_@2.png",
        "point": null,
        "stock": null,
        "weight": "320 g, $1.56/100g",
        "last_update": "2024-11-20",
        "storetype": "Loblaws",
        "member_price": "Prepared in Canada",
        "non_member_price": null,
        "desc_price": null,
        "temp_id": null,
        "tsv_title_brand": "'cheddar':2 'chees':3 'choic':8 'habanero':5 'presid':6 'shred':1",
        "count": 0,
        "cart": false
    },
    {
        "id": "7061315",
        "category": "Dairy & Eggs",
        "storeID": "4429",
        "productID": "21060199_EA",
        "title": "Mac & Cheese Shredded Cheese Blend",
        "brand": "President's Choice",
        "regprice": null,
        "saleprice": "$5.00",
        "wasprice": "$6.99",
        "sale": "SAVE $1.99",
        "image": "https://assets.shop.loblaws.ca/products/21060199/b3/en/front/21060199_front_a06_@2.png",
        "point": null,
        "stock": null,
        "weight": "320 g, $1.56/100g",
        "last_update": "2024-11-20",
        "storetype": "Loblaws",
        "member_price": "Prepared in Canada",
        "non_member_price": null,
        "desc_price": null,
        "temp_id": null,
        "tsv_title_brand": "'blend':5 'chees':2,4 'choic':8 'mac':1 'presid':6 'shred':3",
        "count": 0,
        "cart": false
    },
    {
        "id": "7060512",
        "category": "Dairy & Eggs",
        "storeID": "4429",
        "productID": "21289645_EA",
        "title": "Lactose Free Old Yellow Cheddar Cheese",
        "brand": "President's Choice",
        "regprice": null,
        "saleprice": "$6.49",
        "wasprice": "$6.99",
        "sale": "SAVE $0.50",
        "image": "https://assets.shop.loblaws.ca/products/21289645/b3/en/front/21289645_front_a06_@2.png",
        "point": null,
        "stock": null,
        "weight": "400 g, $1.62/100g",
        "last_update": "2024-11-20",
        "storetype": "Loblaws",
        "member_price": null,
        "non_member_price": null,
        "desc_price": null,
        "temp_id": null,
        "tsv_title_brand": "'cheddar':5 'chees':6 'choic':9 'free':2 'lactos':1 'old':3 'presid':7 'yellow':4",
        "count": 0,
        "cart": false
    },
    {
        "id": "7061397",
        "category": "Dairy & Eggs",
        "storeID": "4429",
        "productID": "21475500_EA",
        "title": "Lactose Free Nacho Shredded Cheese Blend",
        "brand": "President's Choice",
        "regprice": null,
        "saleprice": "$5.00",
        "wasprice": "$6.99",
        "sale": "SAVE $1.99",
        "image": "https://assets.shop.loblaws.ca/products/21475500/b3/en/front/21475500_front_a06_@2.png",
        "point": null,
        "stock": null,
        "weight": "320 g, $1.56/100g",
        "last_update": "2024-11-20",
        "storetype": "Loblaws",
        "member_price": null,
        "non_member_price": null,
        "desc_price": null,
        "temp_id": null,
        "tsv_title_brand": "'blend':6 'chees':5 'choic':9 'free':2 'lactos':1 'nacho':3 'presid':7 'shred':4",
        "count": 0,
        "cart": false
    },
    {
        "id": "7061987",
        "category": "Dairy & Eggs",
        "storeID": "4429",
        "productID": "21353865_EA",
        "title": "Creamy Skyr Yogurt Plain 3.6%, High Protein",
        "brand": "siggi's",
        "regprice": null,
        "saleprice": "$6.99",
        "wasprice": "$7.49",
        "sale": "SAVE $0.50",
        "image": "https://assets.shop.loblaws.ca/products/21353865/b3/en/front/21353865_front_a06_@2.png",
        "point": null,
        "stock": null,
        "weight": "750 g, $0.93/100g",
        "last_update": "2024-11-20",
        "storetype": "Loblaws",
        "member_price": null,
        "non_member_price": null,
        "desc_price": null,
        "temp_id": null,
        "tsv_title_brand": "'3.6':5 'creami':1 'high':6 'plain':4 'protein':7 'siggi':8 'skyr':2 'yogurt':3",
        "count": 0,
        "cart": false
    },
    {
        "id": "7062075",
        "category": "Dairy & Eggs",
        "storeID": "4429",
        "productID": "21006660_EA",
        "title": "Greek Yogurt, Vanilla Flavour, 2% M.F., Value Tub",
        "brand": "Oikos",
        "regprice": null,
        "saleprice": "$5.99",
        "wasprice": "$7.49",
        "sale": "SAVE $1.50",
        "image": "https://assets.shop.loblaws.ca/products/21006660/b3/en/front/21006660_front_a06_@2.png",
        "point": null,
        "stock": null,
        "weight": "750 g, $0.80/100g",
        "last_update": "2024-11-20",
        "storetype": "Loblaws",
        "member_price": "Prepared in Canada",
        "non_member_price": null,
        "desc_price": null,
        "temp_id": null,
        "tsv_title_brand": "'2':5 'flavour':4 'greek':1 'm.f':6 'oiko':9 'tub':8 'valu':7 'vanilla':3 'yogurt':2",
        "count": 0,
        "cart": false
    },
    {
        "id": "7061877",
        "category": "Dairy & Eggs",
        "storeID": "4429",
        "productID": "21042490_EA",
        "title": "Nanö Drinkable Yogurt Peach 1% 6 X 93Ml",
        "brand": "IOGO",
        "regprice": null,
        "saleprice": "$3.25",
        "wasprice": "$4.49",
        "sale": "SAVE $1.24",
        "image": "https://assets.shop.loblaws.ca/products/21042490/b3/en/front/21042490_front_a06_@2.png",
        "point": null,
        "stock": null,
        "weight": "6x93.0 ml, $0.58/100ml",
        "last_update": "2024-11-20",
        "storetype": "Loblaws",
        "member_price": "Prepared in Canada",
        "non_member_price": null,
        "desc_price": null,
        "temp_id": null,
        "tsv_title_brand": "'1':5 '6':6 '93ml':8 'drinkabl':2 'iogo':9 'nanö':1 'peach':4 'x':7 'yogurt':3",
        "count": 0,
        "cart": false
    },
    {
        "id": "7061969",
        "category": "Dairy & Eggs",
        "storeID": "4429",
        "productID": "21619318_EA",
        "title": "Yop 2% Minigo Duo Variety Pack, Strawberry/ Strawberry-banana/ Strawberry-Vanilla Flavour ,6ct",
        "brand": "Yoplait",
        "regprice": null,
        "saleprice": "$3.69",
        "wasprice": "$4.00",
        "sale": "SAVE $0.31",
        "image": "https://assets.shop.loblaws.ca/products/21619318/b3/en/front/21619318_front_a06_@2.png",
        "point": null,
        "stock": null,
        "weight": "6x60.0 g, $1.03/100g",
        "last_update": "2024-11-20",
        "storetype": "Loblaws",
        "member_price": null,
        "non_member_price": null,
        "desc_price": null,
        "temp_id": null,
        "tsv_title_brand": "'2':2 '6ct':15 'banana':10 'duo':4 'flavour':14 'minigo':3 'pack':6 'strawberri':7,9,12 'strawberry-banana':8 'strawberry-vanilla':11 'vanilla':13 'varieti':5 'yop':1 'yoplait':16",
        "count": 0,
        "cart": false
    },
    {
        "id": "7063426",
        "category": "Meat",
        "storeID": "4429",
        "productID": "21220674_EA",
        "title": "Beyond Beef Grounds",
        "brand": "Beyond Meat",
        "regprice": null,
        "saleprice": "$6.00",
        "wasprice": "$9.99",
        "sale": "SAVE $3.99",
        "image": "https://assets.shop.loblaws.ca/products/21220674/b3/en/front/21220674_front_a06_@2.png",
        "point": null,
        "stock": null,
        "weight": "340 g, $1.76/100g",
        "last_update": "2024-11-20",
        "storetype": "Loblaws",
        "member_price": null,
        "non_member_price": null,
        "desc_price": null,
        "temp_id": null,
        "tsv_title_brand": "'beef':2 'beyond':1,4 'ground':3 'meat':5",
        "count": 0,
        "cart": false
    },
    {
        "id": "7063472",
        "category": "Meat",
        "storeID": "4429",
        "productID": "21399630_EA",
        "title": "Breakfast Sausage",
        "brand": "Beyond Meat",
        "regprice": null,
        "saleprice": "$6.00",
        "wasprice": "$7.99",
        "sale": "SAVE $1.99",
        "image": "https://assets.shop.loblaws.ca/products/21399630/b3/en/front/21399630_front_a06_@2.png",
        "point": null,
        "stock": null,
        "weight": "235 g, $2.55/100g",
        "last_update": "2024-11-20",
        "storetype": "Loblaws",
        "member_price": null,
        "non_member_price": null,
        "desc_price": null,
        "temp_id": null,
        "tsv_title_brand": "'beyond':3 'breakfast':1 'meat':4 'sausag':2",
        "count": 0,
        "cart": false
    },
    {
        "id": "7063475",
        "category": "Meat",
        "storeID": "4429",
        "productID": "21300113_EA",
        "title": "Sausage Mild Italian",
        "brand": "Beyond Meat",
        "regprice": null,
        "saleprice": "$6.00",
        "wasprice": "$9.99",
        "sale": "SAVE $3.99",
        "image": "https://assets.shop.loblaws.ca/products/21300113/b3/en/front/21300113_front_a06_@2.png",
        "point": null,
        "stock": null,
        "weight": "400 g, $1.50/100g",
        "last_update": "2024-11-20",
        "storetype": "Loblaws",
        "member_price": null,
        "non_member_price": null,
        "desc_price": null,
        "temp_id": null,
        "tsv_title_brand": "'beyond':4 'italian':3 'meat':5 'mild':2 'sausag':1",
        "count": 0,
        "cart": false
    },
    {
        "id": "7063768",
        "category": "Meat",
        "storeID": "4429",
        "productID": "20794009_KG",
        "title": "Beef Marinated Striploin Steak",
        "brand": null,
        "regprice": null,
        "saleprice": "$15.00",
        "wasprice": "$16.96",
        "sale": "SAVE $1.96",
        "image": "https://assets.shop.loblaws.ca/products/20794009/b3/en/front/20794009_front_a06_@2.png",
        "point": null,
        "stock": null,
        "weight": "$50.69/1kg $23.00/1lb",
        "last_update": "2024-11-20",
        "storetype": "Loblaws",
        "member_price": null,
        "non_member_price": null,
        "desc_price": null,
        "temp_id": null,
        "tsv_title_brand": "'beef':1 'marin':2 'steak':4 'striploin':3",
        "count": 0,
        "cart": false
    },
    {
        "id": "7063866",
        "category": "Meat",
        "storeID": "4429",
        "productID": "20805639_KG",
        "title": "Extra Lean Ground Beef, Club Pack",
        "brand": null,
        "regprice": null,
        "saleprice": "$17.01",
        "wasprice": "$18.23",
        "sale": "SAVE $1.22",
        "image": "https://assets.shop.loblaws.ca/products/20805639/b3/en/front/20805639_front_a06_@2.png",
        "point": null,
        "stock": null,
        "weight": "$15.41/1kg $6.99/1lb",
        "last_update": "2024-11-20",
        "storetype": "Loblaws",
        "member_price": null,
        "non_member_price": null,
        "desc_price": null,
        "temp_id": null,
        "tsv_title_brand": "'beef':4 'club':5 'extra':1 'ground':3 'lean':2 'pack':6",
        "count": 0,
        "cart": false
    },
    {
        "id": "7064119",
        "category": "Pantry",
        "storeID": "4429",
        "productID": "20307313006_EA",
        "title": "Raspberry Jam",
        "brand": "Bonne Maman",
        "regprice": null,
        "saleprice": "$6.99",
        "wasprice": "$7.49",
        "sale": "SAVE $0.50",
        "image": "https://assets.shop.loblaws.ca/products/20307313006/b3/en/front/20307313006_front_a06_@2.png",
        "point": null,
        "stock": null,
        "weight": "250 ml, $2.80/100ml",
        "last_update": "2024-11-20",
        "storetype": "Loblaws",
        "member_price": null,
        "non_member_price": null,
        "desc_price": null,
        "temp_id": null,
        "tsv_title_brand": "'bonn':3 'jam':2 'maman':4 'raspberri':1",
        "count": 0,
        "cart": false
    },
    {
        "id": "7064125",
        "category": "Pantry",
        "storeID": "4429",
        "productID": "20724507_EA",
        "title": "Liquid White, Upside-down Squeeze",
        "brand": "Billy Bee",
        "regprice": null,
        "saleprice": "$8.49",
        "wasprice": "$9.99",
        "sale": "SAVE $1.50",
        "image": "https://assets.shop.loblaws.ca/products/20724507/b3/en/front/20724507_front_a06_@2.png",
        "point": null,
        "stock": null,
        "weight": "375 g, $2.26/100g",
        "last_update": "2024-11-20",
        "storetype": "Loblaws",
        "member_price": "Prepared in Canada",
        "non_member_price": null,
        "desc_price": null,
        "temp_id": null,
        "tsv_title_brand": "'bee':8 'billi':7 'liquid':1 'squeez':6 'upsid':4 'upside-down':3 'white':2",
        "count": 0,
        "cart": false
    },
    {
        "id": "7064114",
        "category": "Pantry",
        "storeID": "4429",
        "productID": "20107636_EA",
        "title": "100% Pure Maple Syrup (Dark)",
        "brand": "President's Choice",
        "regprice": null,
        "saleprice": "$9.49",
        "wasprice": "$11.99",
        "sale": "SAVE $2.50",
        "image": "https://assets.shop.loblaws.ca/products/20107636/b3/en/front/20107636_front_a06_@2.png",
        "point": null,
        "stock": null,
        "weight": "375 ml, $2.53/100ml",
        "last_update": "2024-11-20",
        "storetype": "Loblaws",
        "member_price": null,
        "non_member_price": null,
        "desc_price": null,
        "temp_id": null,
        "tsv_title_brand": "'100':1 'choic':8 'dark':5 'mapl':3 'presid':6 'pure':2 'syrup':4",
        "count": 0,
        "cart": false
    },
    {
        "id": "7064500",
        "category": "Pantry",
        "storeID": "4429",
        "productID": "20698221_EA",
        "title": "3 Minute Original",
        "brand": "Cream of Wheat",
        "regprice": null,
        "saleprice": "$4.79",
        "wasprice": "$4.99",
        "sale": "SAVE $0.20",
        "image": "https://assets.shop.loblaws.ca/products/20698221/b3/en/front/20698221_front_a06_@2.png",
        "point": null,
        "stock": null,
        "weight": "800 g, $0.60/100g",
        "last_update": "2024-11-20",
        "storetype": "Loblaws",
        "member_price": null,
        "non_member_price": null,
        "desc_price": null,
        "temp_id": null,
        "tsv_title_brand": "'3':1 'cream':4 'minut':2 'origin':3 'wheat':6",
        "count": 0,
        "cart": false
    },
    {
        "id": "7064574",
        "category": "Pantry",
        "storeID": "4429",
        "productID": "20718427_EA",
        "title": "Porridge Oats, Ancient Grain Blend",
        "brand": "Rogers",
        "regprice": null,
        "saleprice": "$4.79",
        "wasprice": "$5.49",
        "sale": "SAVE $0.70",
        "image": "https://assets.shop.loblaws.ca/products/20718427/b3/en/front/20718427_front_a06_@2.png",
        "point": null,
        "stock": null,
        "weight": "750 g, $0.64/100g",
        "last_update": "2024-11-20",
        "storetype": "Loblaws",
        "member_price": "Prepared in Canada",
        "non_member_price": null,
        "desc_price": null,
        "temp_id": null,
        "tsv_title_brand": "'ancient':3 'blend':5 'grain':4 'oat':2 'porridg':1 'roger':6",
        "count": 0,
        "cart": false
    },
    {
        "id": "7064494",
        "category": "Pantry",
        "storeID": "4429",
        "productID": "21190265_EA",
        "title": "Regular Instant Oatmeal",
        "brand": "Quaker",
        "regprice": null,
        "saleprice": "$4.00",
        "wasprice": "$4.79",
        "sale": "SAVE $0.79",
        "image": "https://assets.shop.loblaws.ca/products/21190265/b3/en/front/21190265_front_a06_@2.png",
        "point": null,
        "stock": null,
        "weight": "280 g, $1.43/100g",
        "last_update": "2024-11-20",
        "storetype": "Loblaws",
        "member_price": null,
        "non_member_price": null,
        "desc_price": null,
        "temp_id": null,
        "tsv_title_brand": "'instant':2 'oatmeal':3 'quaker':4 'regular':1",
        "count": 0,
        "cart": false
    },
    {
        "id": "7064850",
        "category": "Pantry",
        "storeID": "4429",
        "productID": "20326358003_EA",
        "title": "Solid White Tuna Low Sodium Albacore in Water",
        "brand": "Clover Leaf",
        "regprice": null,
        "saleprice": "$2.99",
        "wasprice": "$3.99",
        "sale": "SAVE $1.00",
        "image": "https://assets.shop.loblaws.ca/products/20326358003/b3/en/front/20326358003_front_a06_@2.png",
        "point": null,
        "stock": null,
        "weight": "170 g, $1.76/100g",
        "last_update": "2024-11-20",
        "storetype": "Loblaws",
        "member_price": null,
        "non_member_price": null,
        "desc_price": null,
        "temp_id": null,
        "tsv_title_brand": "'albacor':6 'clover':9 'leaf':10 'low':4 'sodium':5 'solid':1 'tuna':3 'water':8 'white':2",
        "count": 0,
        "cart": false
    },
    {
        "id": "7064475",
        "category": "Pantry",
        "storeID": "4429",
        "productID": "21190254_EA",
        "title": "Maple & Brown Sugar Flavour Instant Oatmeal",
        "brand": "Quaker",
        "regprice": null,
        "saleprice": "$4.00",
        "wasprice": "$4.79",
        "sale": "SAVE $0.79",
        "image": "https://assets.shop.loblaws.ca/products/21190254/b3/en/front/21190254_front_a06_@2.png",
        "point": null,
        "stock": null,
        "weight": "344 g, $1.16/100g",
        "last_update": "2024-11-20",
        "storetype": "Loblaws",
        "member_price": null,
        "non_member_price": null,
        "desc_price": null,
        "temp_id": null,
        "tsv_title_brand": "'brown':2 'flavour':4 'instant':5 'mapl':1 'oatmeal':6 'quaker':7 'sugar':3",
        "count": 0,
        "cart": false
    },
    {
        "id": "7064564",
        "category": "Pantry",
        "storeID": "4429",
        "productID": "20323113002_EA",
        "title": "Oats, Large Flake",
        "brand": "Quaker",
        "regprice": null,
        "saleprice": "$4.79",
        "wasprice": "$5.99",
        "sale": "SAVE $1.20",
        "image": "https://assets.shop.loblaws.ca/products/20323113002/b3/en/front/20323113002_front_a06_@2.png",
        "point": null,
        "stock": null,
        "weight": "1 kg, $0.48/100g",
        "last_update": "2024-11-20",
        "storetype": "Loblaws",
        "member_price": "Prepared in Canada",
        "non_member_price": null,
        "desc_price": null,
        "temp_id": null,
        "tsv_title_brand": "'flake':3 'larg':2 'oat':1 'quaker':4",
        "count": 0,
        "cart": false
    },
    {
        "id": "7064579",
        "category": "Pantry",
        "storeID": "4429",
        "productID": "21190251_EA",
        "title": "Apples & Cinnamon Instant Oatmeal",
        "brand": "Quaker",
        "regprice": null,
        "saleprice": "$4.00",
        "wasprice": "$4.79",
        "sale": "SAVE $0.79",
        "image": "https://assets.shop.loblaws.ca/products/21190251/b3/en/front/21190251_front_a06_@2.png",
        "point": null,
        "stock": null,
        "weight": "264 g, $1.52/100g",
        "last_update": "2024-11-20",
        "storetype": "Loblaws",
        "member_price": null,
        "non_member_price": null,
        "desc_price": null,
        "temp_id": null,
        "tsv_title_brand": "'appl':1 'cinnamon':2 'instant':3 'oatmeal':4 'quaker':5",
        "count": 0,
        "cart": false
    },
    {
        "id": "7064629",
        "category": "Pantry",
        "storeID": "4429",
        "productID": "21411449_EA",
        "title": "Fibre One Breakfast Cereal, Crunchy Original, High Fibre and Whole Grains",
        "brand": "General Mills",
        "regprice": null,
        "saleprice": "$5.99",
        "wasprice": "$6.79",
        "sale": "SAVE $0.80",
        "image": "https://assets.shop.loblaws.ca/products/21411449/b3/en/front/21411449_front_a06_@2.png",
        "point": "500 PC Optimum Points",
        "stock": null,
        "weight": "587 g, $1.02/100g",
        "last_update": "2024-11-20",
        "storetype": "Loblaws",
        "member_price": null,
        "non_member_price": null,
        "desc_price": null,
        "temp_id": null,
        "tsv_title_brand": "'breakfast':3 'cereal':4 'crunchi':5 'fibr':1,8 'general':12 'grain':11 'high':7 'mill':13 'one':2 'origin':6 'whole':10",
        "count": 0,
        "cart": false
    },
    {
        "id": "7064580",
        "category": "Pantry",
        "storeID": "4429",
        "productID": "21424762_EA",
        "title": "Maple & Brown Sugar Flavour Instant Oatmeal",
        "brand": "KODIAK CAKES",
        "regprice": null,
        "saleprice": "$5.99",
        "wasprice": "$7.99",
        "sale": "SAVE $2.00",
        "image": "https://assets.shop.loblaws.ca/products/21424762/b3/en/front/21424762_front_a06_@2.png",
        "point": null,
        "stock": null,
        "weight": "313 g, $1.91/100g",
        "last_update": "2024-11-20",
        "storetype": "Loblaws",
        "member_price": null,
        "non_member_price": null,
        "desc_price": null,
        "temp_id": null,
        "tsv_title_brand": "'brown':2 'cake':8 'flavour':4 'instant':5 'kodiak':7 'mapl':1 'oatmeal':6 'sugar':3",
        "count": 0,
        "cart": false
    },
    {
        "id": "7064711",
        "category": "Pantry",
        "storeID": "4429",
        "productID": "20176214001_EA",
        "title": "Condensed Soup Tomato",
        "brand": "Campbell's",
        "regprice": null,
        "saleprice": "$1.79",
        "wasprice": "$2.00",
        "sale": "SAVE $0.21",
        "image": "https://assets.shop.loblaws.ca/products/20176214001/b3/en/front/20176214001_front_a06_@2.png",
        "point": null,
        "stock": null,
        "weight": "284 ml, $0.63/100ml",
        "last_update": "2024-11-20",
        "storetype": "Loblaws",
        "member_price": null,
        "non_member_price": null,
        "desc_price": null,
        "temp_id": null,
        "tsv_title_brand": "'campbel':4 'condens':1 'soup':2 'tomato':3",
        "count": 0,
        "cart": false
    },
    {
        "id": "7064730",
        "category": "Pantry",
        "storeID": "4429",
        "productID": "20934796_EA",
        "title": "Cherry Tomatoes",
        "brand": "Mutti",
        "regprice": null,
        "saleprice": "$2.79",
        "wasprice": "$2.99",
        "sale": "SAVE $0.20",
        "image": "https://assets.shop.loblaws.ca/products/20934796/b3/en/front/20934796_front_a06_@2.png",
        "point": null,
        "stock": null,
        "weight": "400 g, $0.70/100g",
        "last_update": "2024-11-20",
        "storetype": "Loblaws",
        "member_price": null,
        "non_member_price": null,
        "desc_price": null,
        "temp_id": null,
        "tsv_title_brand": "'cherri':1 'mutti':3 'tomato':2",
        "count": 0,
        "cart": false
    },
    {
        "id": "7064474",
        "category": "Pantry",
        "storeID": "4429",
        "productID": "21450814_EA",
        "title": "Rice Krispies Cereal",
        "brand": "Kelloggs",
        "regprice": null,
        "saleprice": "$4.29",
        "wasprice": "$4.50",
        "sale": "SAVE $0.21",
        "image": "https://assets.shop.loblaws.ca/products/21450814/b3/en/front/21450814_front_a06_@2.png",
        "point": null,
        "stock": null,
        "weight": "340 g, $1.26/100g",
        "last_update": "2024-11-20",
        "storetype": "Loblaws",
        "member_price": null,
        "non_member_price": null,
        "desc_price": null,
        "temp_id": null,
        "tsv_title_brand": "'cereal':3 'kellogg':4 'krispi':2 'rice':1",
        "count": 0,
        "cart": false
    },
    {
        "id": "7064601",
        "category": "Pantry",
        "storeID": "4429",
        "productID": "21411450_EA",
        "title": "Fibre One Breakfast Cereal, Honey Clusters, High Fibre and Whole Grains",
        "brand": "General Mills",
        "regprice": null,
        "saleprice": "$5.99",
        "wasprice": "$6.79",
        "sale": "SAVE $0.80",
        "image": "https://assets.shop.loblaws.ca/products/21411450/b3/en/front/21411450_front_a06_@2.png",
        "point": "500 PC Optimum Points",
        "stock": null,
        "weight": "475 g, $1.26/100g",
        "last_update": "2024-11-20",
        "storetype": "Loblaws",
        "member_price": null,
        "non_member_price": null,
        "desc_price": null,
        "temp_id": null,
        "tsv_title_brand": "'breakfast':3 'cereal':4 'cluster':6 'fibr':1,8 'general':12 'grain':11 'high':7 'honey':5 'mill':13 'one':2 'whole':10",
        "count": 0,
        "cart": false
    },
    {
        "id": "7064851",
        "category": "Pantry",
        "storeID": "4429",
        "productID": "20296567008_EA",
        "title": "No Sugar Added, Pear, Halves, in Water",
        "brand": "Del Monte",
        "regprice": null,
        "saleprice": "$2.99",
        "wasprice": "$3.29",
        "sale": "SAVE $0.30",
        "image": "https://assets.shop.loblaws.ca/products/20296567008/b3/en/front/20296567008_front_a06_@2.png",
        "point": null,
        "stock": null,
        "weight": "398 ml, $0.75/100ml",
        "last_update": "2024-11-20",
        "storetype": "Loblaws",
        "member_price": null,
        "non_member_price": null,
        "desc_price": null,
        "temp_id": null,
        "tsv_title_brand": "'ad':3 'del':8 'halv':5 'mont':9 'pear':4 'sugar':2 'water':7",
        "count": 0,
        "cart": false
    },
    {
        "id": "7064607",
        "category": "Pantry",
        "storeID": "4429",
        "productID": "20775732_EA",
        "title": "Loads Of Raisins Raisin Bran Cereal",
        "brand": "President's Choice",
        "regprice": null,
        "saleprice": "$4.29",
        "wasprice": "$5.29",
        "sale": "SAVE $1.00",
        "image": "https://assets.shop.loblaws.ca/products/20775732/b3/en/front/20775732_front_a06_@2.png",
        "point": null,
        "stock": null,
        "weight": "625 g, $0.69/100g",
        "last_update": "2024-11-20",
        "storetype": "Loblaws",
        "member_price": null,
        "non_member_price": null,
        "desc_price": null,
        "temp_id": null,
        "tsv_title_brand": "'bran':5 'cereal':6 'choic':9 'load':1 'presid':7 'raisin':3,4",
        "count": 0,
        "cart": false
    },
    {
        "id": "7064719",
        "category": "Pantry",
        "storeID": "4429",
        "productID": "20176214004_EA",
        "title": "Cream of Mushroom Condensed Soup",
        "brand": "Campbell's",
        "regprice": null,
        "saleprice": "$1.79",
        "wasprice": "$2.00",
        "sale": "SAVE $0.21",
        "image": "https://assets.shop.loblaws.ca/products/20176214004/b3/en/front/20176214004_front_a06_@2.png",
        "point": null,
        "stock": null,
        "weight": "284 ml, $0.63/100ml",
        "last_update": "2024-11-20",
        "storetype": "Loblaws",
        "member_price": null,
        "non_member_price": null,
        "desc_price": null,
        "temp_id": null,
        "tsv_title_brand": "'campbel':6 'condens':4 'cream':1 'mushroom':3 'soup':5",
        "count": 0,
        "cart": false
    },
    {
        "id": "7064813",
        "category": "Pantry",
        "storeID": "4429",
        "productID": "20129539_EA",
        "title": "Crabmeat, Chunk",
        "brand": "Clover Leaf",
        "regprice": null,
        "saleprice": "$8.49",
        "wasprice": "$8.99",
        "sale": "SAVE $0.50",
        "image": "https://assets.shop.loblaws.ca/products/20129539/b3/en/front/20129539_front_a06_@2.png",
        "point": null,
        "stock": null,
        "weight": "120 g, $7.08/100g",
        "last_update": "2024-11-20",
        "storetype": "Loblaws",
        "member_price": null,
        "non_member_price": null,
        "desc_price": null,
        "temp_id": null,
        "tsv_title_brand": "'chunk':2 'clover':3 'crabmeat':1 'leaf':4",
        "count": 0,
        "cart": false
    },
    {
        "id": "7064733",
        "category": "Pantry",
        "storeID": "4429",
        "productID": "20618936_EA",
        "title": "Clingstone Peach Halves in Juice From Concentrate",
        "brand": "No Name",
        "regprice": null,
        "saleprice": "$4.00",
        "wasprice": "$4.50",
        "sale": "SAVE $0.50",
        "image": "https://assets.shop.loblaws.ca/products/20618936/b3/en/front/20618936_front_a06_@2.png",
        "point": null,
        "stock": null,
        "weight": "796 ml, $0.50/100ml",
        "last_update": "2024-11-20",
        "storetype": "Loblaws",
        "member_price": null,
        "non_member_price": null,
        "desc_price": null,
        "temp_id": null,
        "tsv_title_brand": "'clingston':1 'concentr':7 'halv':3 'juic':5 'name':9 'peach':2",
        "count": 0,
        "cart": false
    },
    {
        "id": "7064796",
        "category": "Pantry",
        "storeID": "4429",
        "productID": "20618071_EA",
        "title": "Fruit Cocktail in Mixed Fruit Juice from Concentrate",
        "brand": "No Name",
        "regprice": null,
        "saleprice": "$4.00",
        "wasprice": "$4.50",
        "sale": "SAVE $0.50",
        "image": "https://assets.shop.loblaws.ca/products/20618071/b3/en/front/20618071_front_a06_@2.png",
        "point": null,
        "stock": null,
        "weight": "796 ml, $0.50/100ml",
        "last_update": "2024-11-20",
        "storetype": "Loblaws",
        "member_price": null,
        "non_member_price": null,
        "desc_price": null,
        "temp_id": null,
        "tsv_title_brand": "'cocktail':2 'concentr':8 'fruit':1,5 'juic':6 'mix':4 'name':10",
        "count": 0,
        "cart": false
    },
    {
        "id": "7064502",
        "category": "Pantry",
        "storeID": "4429",
        "productID": "20923994_EA",
        "title": "100% Whole Grain Large Flake Oats",
        "brand": "No Name",
        "regprice": null,
        "saleprice": "$2.99",
        "wasprice": "$3.49",
        "sale": "SAVE $0.50",
        "image": "https://assets.shop.loblaws.ca/products/20923994/b3/en/front/20923994_front_a06_@2.png",
        "point": null,
        "stock": null,
        "weight": "1 kg, $0.30/100g",
        "last_update": "2024-11-20",
        "storetype": "Loblaws",
        "member_price": null,
        "non_member_price": null,
        "desc_price": null,
        "temp_id": null,
        "tsv_title_brand": "'100':1 'flake':5 'grain':3 'larg':4 'name':8 'oat':6 'whole':2",
        "count": 0,
        "cart": false
    },
    {
        "id": "7064854",
        "category": "Pantry",
        "storeID": "4429",
        "productID": "20724562_EA",
        "title": "Baby Clams, Whole Yellow In Water",
        "brand": "Clover Leaf",
        "regprice": null,
        "saleprice": "$3.79",
        "wasprice": "$3.99",
        "sale": "SAVE $0.20",
        "image": "https://assets.shop.loblaws.ca/products/20724562/b3/en/front/20724562_front_a06_@2.png",
        "point": null,
        "stock": null,
        "weight": "142 ml, $2.67/100ml",
        "last_update": "2024-11-20",
        "storetype": "Loblaws",
        "member_price": null,
        "non_member_price": null,
        "desc_price": null,
        "temp_id": null,
        "tsv_title_brand": "'babi':1 'clam':2 'clover':7 'leaf':8 'water':6 'whole':3 'yellow':4",
        "count": 0,
        "cart": false
    },
    {
        "id": "7064872",
        "category": "Pantry",
        "storeID": "4429",
        "productID": "20618779_EA",
        "title": "Oysters, Smoked",
        "brand": "Clover Leaf",
        "regprice": null,
        "saleprice": "$2.49",
        "wasprice": "$2.79",
        "sale": "SAVE $0.30",
        "image": "https://assets.shop.loblaws.ca/products/20618779/b3/en/front/20618779_front_a06_@2.png",
        "point": null,
        "stock": null,
        "weight": "85 g, $2.93/100g",
        "last_update": "2024-11-20",
        "storetype": "Loblaws",
        "member_price": null,
        "non_member_price": null,
        "desc_price": null,
        "temp_id": null,
        "tsv_title_brand": "'clover':3 'leaf':4 'oyster':1 'smoke':2",
        "count": 0,
        "cart": false
    },
    {
        "id": "7064430",
        "category": "Pantry",
        "storeID": "4429",
        "productID": "20353502_EA",
        "title": "Original Fish Crisp Seasoned Coating Mix",
        "brand": "Fish Crisp",
        "regprice": null,
        "saleprice": "$6.00",
        "wasprice": "$6.99",
        "sale": "SAVE $0.99",
        "image": "https://assets.shop.loblaws.ca/products/20353502/b3/en/front/20353502_front_a06_@2.png",
        "point": null,
        "stock": null,
        "weight": "340 g, $1.76/100g",
        "last_update": "2024-11-20",
        "storetype": "Loblaws",
        "member_price": "Prepared in Canada",
        "non_member_price": null,
        "desc_price": null,
        "temp_id": null,
        "tsv_title_brand": "'coat':5 'crisp':3,8 'fish':2,7 'mix':6 'origin':1 'season':4",
        "count": 0,
        "cart": false
    },
    {
        "id": "7064466",
        "category": "Pantry",
        "storeID": "4429",
        "productID": "20072706_EA",
        "title": "Vector Meal Replacement Cereal",
        "brand": "Kelloggs",
        "regprice": null,
        "saleprice": "$9.99",
        "wasprice": "$11.99",
        "sale": "SAVE $2.00",
        "image": "https://assets.shop.loblaws.ca/products/20072706/b3/en/front/20072706_front_a06_@2.png",
        "point": null,
        "stock": null,
        "weight": "850 g, $1.18/100g",
        "last_update": "2024-11-20",
        "storetype": "Loblaws",
        "member_price": null,
        "non_member_price": null,
        "desc_price": null,
        "temp_id": null,
        "tsv_title_brand": "'cereal':4 'kellogg':5 'meal':2 'replac':3 'vector':1",
        "count": 0,
        "cart": false
    },
    {
        "id": "7064496",
        "category": "Pantry",
        "storeID": "4429",
        "productID": "21103497_EA",
        "title": "Reese's Puffs Breakfast Cereal, Peanut Butter Chocolate, Family Size",
        "brand": "General Mills",
        "regprice": null,
        "saleprice": "$5.99",
        "wasprice": "$6.79",
        "sale": "SAVE $0.80",
        "image": "https://assets.shop.loblaws.ca/products/21103497/b3/en/front/21103497_front_a06_@2.png",
        "point": "500 PC Optimum Points",
        "stock": null,
        "weight": "601 g, $1.00/100g",
        "last_update": "2024-11-20",
        "storetype": "Loblaws",
        "member_price": null,
        "non_member_price": null,
        "desc_price": null,
        "temp_id": null,
        "tsv_title_brand": "'breakfast':4 'butter':7 'cereal':5 'chocol':8 'famili':9 'general':11 'mill':12 'peanut':6 'puff':3 'rees':1 'size':10",
        "count": 0,
        "cart": false
    },
    {
        "id": "7064508",
        "category": "Pantry",
        "storeID": "4429",
        "productID": "21213658_EA",
        "title": "Oatmeal Crisp Breakfast Cereal, Maple Nut, Family Size, High Fibre",
        "brand": "General Mills",
        "regprice": null,
        "saleprice": "$5.99",
        "wasprice": "$7.99",
        "sale": "SAVE $2.00",
        "image": "https://assets.shop.loblaws.ca/products/21213658/b3/en/front/21213658_front_a06_@2.png",
        "point": "500 PC Optimum Points",
        "stock": null,
        "weight": "619 g, $0.97/100g",
        "last_update": "2024-11-20",
        "storetype": "Loblaws",
        "member_price": null,
        "non_member_price": null,
        "desc_price": null,
        "temp_id": null,
        "tsv_title_brand": "'breakfast':3 'cereal':4 'crisp':2 'famili':7 'fibr':10 'general':11 'high':9 'mapl':5 'mill':12 'nut':6 'oatmeal':1 'size':8",
        "count": 0,
        "cart": false
    },
    {
        "id": "7064499",
        "category": "Pantry",
        "storeID": "4429",
        "productID": "20323113003_EA",
        "title": "One Minute Oats",
        "brand": "Quaker",
        "regprice": null,
        "saleprice": "$4.79",
        "wasprice": "$5.99",
        "sale": "SAVE $1.20",
        "image": "https://assets.shop.loblaws.ca/products/20323113003/b3/en/front/20323113003_front_a06_@2.png",
        "point": null,
        "stock": null,
        "weight": "900 g, $0.53/100g",
        "last_update": "2024-11-20",
        "storetype": "Loblaws",
        "member_price": "Prepared in Canada",
        "non_member_price": null,
        "desc_price": null,
        "temp_id": null,
        "tsv_title_brand": "'minut':2 'oat':3 'one':1 'quaker':4",
        "count": 0,
        "cart": false
    },
    {
        "id": "7064582",
        "category": "Pantry",
        "storeID": "4429",
        "productID": "20923828_EA",
        "title": "Quick 100% Whole Grain Oats",
        "brand": "No Name",
        "regprice": null,
        "saleprice": "$2.99",
        "wasprice": "$3.49",
        "sale": "SAVE $0.50",
        "image": "https://assets.shop.loblaws.ca/products/20923828/b3/en/front/20923828_front_a06_@2.png",
        "point": null,
        "stock": null,
        "weight": "1 kg, $0.30/100g",
        "last_update": "2024-11-20",
        "storetype": "Loblaws",
        "member_price": null,
        "non_member_price": null,
        "desc_price": null,
        "temp_id": null,
        "tsv_title_brand": "'100':2 'grain':4 'name':7 'oat':5 'quick':1 'whole':3",
        "count": 0,
        "cart": false
    },
    {
        "id": "7064811",
        "category": "Pantry",
        "storeID": "4429",
        "productID": "20857051_EA",
        "title": "Baked Beans - Maple",
        "brand": "Bush's Best",
        "regprice": null,
        "saleprice": "$2.00",
        "wasprice": "$2.49",
        "sale": "SAVE $0.49",
        "image": "https://assets.shop.loblaws.ca/products/20857051/b3/en/front/20857051_front_a06_@2.png",
        "point": null,
        "stock": null,
        "weight": "398 ml, $0.50/100ml",
        "last_update": "2024-11-20",
        "storetype": "Loblaws",
        "member_price": null,
        "non_member_price": null,
        "desc_price": null,
        "temp_id": null,
        "tsv_title_brand": "'bake':1 'bean':2 'best':6 'bush':4 'mapl':3",
        "count": 0,
        "cart": false
    },
    {
        "id": "7064583",
        "category": "Pantry",
        "storeID": "4429",
        "productID": "21400446_EA",
        "title": "Instant Oatmeal Lightly Sweetened Maple & Brown Sugar",
        "brand": "Quaker",
        "regprice": null,
        "saleprice": "$4.00",
        "wasprice": "$4.79",
        "sale": "SAVE $0.79",
        "image": "https://assets.shop.loblaws.ca/products/21400446/b3/en/front/21400446_front_a06_@2.png",
        "point": null,
        "stock": null,
        "weight": "304 g, $1.32/100g",
        "last_update": "2024-11-20",
        "storetype": "Loblaws",
        "member_price": null,
        "non_member_price": null,
        "desc_price": null,
        "temp_id": null,
        "tsv_title_brand": "'brown':6 'instant':1 'light':3 'mapl':5 'oatmeal':2 'quaker':8 'sugar':7 'sweeten':4",
        "count": 0,
        "cart": false
    },
    {
        "id": "7064810",
        "category": "Pantry",
        "storeID": "4429",
        "productID": "20326358001_EA",
        "title": "Solid White Tuna Albacore in Water",
        "brand": "Clover Leaf",
        "regprice": null,
        "saleprice": "$2.99",
        "wasprice": "$3.99",
        "sale": "SAVE $1.00",
        "image": "https://assets.shop.loblaws.ca/products/20326358001/b3/en/front/20326358001_front_a06_@2.png",
        "point": null,
        "stock": null,
        "weight": "170 g, $1.76/100g",
        "last_update": "2024-11-20",
        "storetype": "Loblaws",
        "member_price": null,
        "non_member_price": null,
        "desc_price": null,
        "temp_id": null,
        "tsv_title_brand": "'albacor':4 'clover':7 'leaf':8 'solid':1 'tuna':3 'water':6 'white':2",
        "count": 0,
        "cart": false
    },
    {
        "id": "7064963",
        "category": "Pantry",
        "storeID": "4429",
        "productID": "20318367002_EA",
        "title": "Chunky Chili, Homestyle",
        "brand": "Campbell's",
        "regprice": null,
        "saleprice": "$3.49",
        "wasprice": "$3.79",
        "sale": "SAVE $0.30",
        "image": "https://assets.shop.loblaws.ca/products/20318367002/b3/en/front/20318367002_front_a06_@2.png",
        "point": null,
        "stock": null,
        "weight": "425 g, $0.82/100g",
        "last_update": "2024-11-20",
        "storetype": "Loblaws",
        "member_price": null,
        "non_member_price": null,
        "desc_price": null,
        "temp_id": null,
        "tsv_title_brand": "'campbel':4 'chili':2 'chunki':1 'homestyl':3",
        "count": 0,
        "cart": false
    },
    {
        "id": "7064710",
        "category": "Pantry",
        "storeID": "4429",
        "productID": "20176214003_EA",
        "title": "Condensed Soup Chicken Noodle",
        "brand": "Campbell's",
        "regprice": null,
        "saleprice": "$1.79",
        "wasprice": "$2.00",
        "sale": "SAVE $0.21",
        "image": "https://assets.shop.loblaws.ca/products/20176214003/b3/en/front/20176214003_front_a06_@2.png",
        "point": null,
        "stock": null,
        "weight": "284 ml, $0.63/100ml",
        "last_update": "2024-11-20",
        "storetype": "Loblaws",
        "member_price": null,
        "non_member_price": null,
        "desc_price": null,
        "temp_id": null,
        "tsv_title_brand": "'campbel':5 'chicken':3 'condens':1 'noodl':4 'soup':2",
        "count": 0,
        "cart": false
    },
    {
        "id": "7064922",
        "category": "Pantry",
        "storeID": "4429",
        "productID": "21545445_EA",
        "title": "Butternut Squash and Garlic Ready-to-Serve Soup",
        "brand": "PC Blue Menu",
        "regprice": null,
        "saleprice": "$2.79",
        "wasprice": "$2.99",
        "sale": "SAVE $0.20",
        "image": "https://assets.shop.loblaws.ca/products/21545445/b3/en/front/21545445_front_a06_@2.png",
        "point": null,
        "stock": null,
        "weight": "500 ml, $0.56/100ml",
        "last_update": "2024-11-20",
        "storetype": "Loblaws",
        "member_price": null,
        "non_member_price": null,
        "desc_price": null,
        "temp_id": null,
        "tsv_title_brand": "'blue':11 'butternut':1 'garlic':4 'menu':12 'pc':10 'readi':6 'ready-to-serv':5 'serv':8 'soup':9 'squash':2",
        "count": 0,
        "cart": false
    },
    {
        "id": "7064628",
        "category": "Pantry",
        "storeID": "4429",
        "productID": "20432217004_EA",
        "title": "Nesquik Chocolate Breakfast Cereal, Family Size, Whole Grains",
        "brand": "General Mills",
        "regprice": null,
        "saleprice": "$5.99",
        "wasprice": "$6.79",
        "sale": "SAVE $0.80",
        "image": "https://assets.shop.loblaws.ca/products/20432217004/b3/en/front/20432217004_front_a06_@2.png",
        "point": "500 PC Optimum Points",
        "stock": null,
        "weight": "600 g, $1.00/100g",
        "last_update": "2024-11-20",
        "storetype": "Loblaws",
        "member_price": null,
        "non_member_price": null,
        "desc_price": null,
        "temp_id": null,
        "tsv_title_brand": "'breakfast':3 'cereal':4 'chocol':2 'famili':5 'general':9 'grain':8 'mill':10 'nesquik':1 'size':6 'whole':7",
        "count": 0,
        "cart": false
    },
    {
        "id": "7065513",
        "category": "Pantry",
        "storeID": "4429",
        "productID": "20697988_EA",
        "title": "Pitted Prunes",
        "brand": "Sunsweet",
        "regprice": null,
        "saleprice": "$6.49",
        "wasprice": "$6.99",
        "sale": "SAVE $0.50",
        "image": "https://assets.shop.loblaws.ca/products/20697988/b3/en/front/20697988_front_a06_@2.png",
        "point": null,
        "stock": null,
        "weight": "375 g, $1.73/100g",
        "last_update": "2024-11-20",
        "storetype": "Loblaws",
        "member_price": null,
        "non_member_price": null,
        "desc_price": null,
        "temp_id": null,
        "tsv_title_brand": "'pit':1 'prune':2 'sunsweet':3",
        "count": 0,
        "cart": false
    },
    {
        "id": "7066078",
        "category": "Pantry",
        "storeID": "4429",
        "productID": "21072462_EA",
        "title": "Greek Vinaigrette",
        "brand": "President's Choice",
        "regprice": null,
        "saleprice": "$4.79",
        "wasprice": "$4.99",
        "sale": "SAVE $0.20",
        "image": "https://assets.shop.loblaws.ca/products/21072462/b3/en/front/21072462_front_a06_@2.png",
        "point": null,
        "stock": null,
        "weight": "350 ml, $1.37/100ml",
        "last_update": "2024-11-20",
        "storetype": "Loblaws",
        "member_price": "Prepared in Canada",
        "non_member_price": null,
        "desc_price": null,
        "temp_id": null,
        "tsv_title_brand": "'choic':5 'greek':1 'presid':3 'vinaigrett':2",
        "count": 0,
        "cart": false
    },
    {
        "id": "7064815",
        "category": "Pantry",
        "storeID": "4429",
        "productID": "20633125_EA",
        "title": "Cream Style Corn",
        "brand": "PC Blue Menu",
        "regprice": null,
        "saleprice": "$1.79",
        "wasprice": "$1.99",
        "sale": "SAVE $0.20",
        "image": "https://assets.shop.loblaws.ca/products/20633125/b3/en/front/20633125_front_a06_@2.png",
        "point": null,
        "stock": null,
        "weight": "398 ml, $0.45/100ml",
        "last_update": "2024-11-20",
        "storetype": "Loblaws",
        "member_price": "Prepared in Canada",
        "non_member_price": null,
        "desc_price": null,
        "temp_id": null,
        "tsv_title_brand": "'blue':5 'corn':3 'cream':1 'menu':6 'pc':4 'style':2",
        "count": 0,
        "cart": false
    },
    {
        "id": "7064952",
        "category": "Pantry",
        "storeID": "4429",
        "productID": "20324873001_EA",
        "title": "Black Olives, Sliced",
        "brand": "Unico",
        "regprice": null,
        "saleprice": "$4.29",
        "wasprice": "$4.49",
        "sale": "SAVE $0.20",
        "image": "https://assets.shop.loblaws.ca/products/20324873001/b3/en/front/20324873001_front_a06_@2.png",
        "point": null,
        "stock": null,
        "weight": "375 ml, $1.14/100ml",
        "last_update": "2024-11-20",
        "storetype": "Loblaws",
        "member_price": null,
        "non_member_price": null,
        "desc_price": null,
        "temp_id": null,
        "tsv_title_brand": "'black':1 'oliv':2 'slice':3 'unico':4",
        "count": 0,
        "cart": false
    },
    {
        "id": "7064920",
        "category": "Pantry",
        "storeID": "4429",
        "productID": "20548676_EA",
        "title": "Boneless & Skinless Sustainably Sourced Wild Pacific Sockeye Salmon",
        "brand": "President's Choice",
        "regprice": null,
        "saleprice": "$5.00",
        "wasprice": "$5.99",
        "sale": "SAVE $0.99",
        "image": "https://assets.shop.loblaws.ca/products/20548676/b3/en/front/20548676_front_a06_@2.png",
        "point": null,
        "stock": null,
        "weight": "170 g, $2.94/100g",
        "last_update": "2024-11-20",
        "storetype": "Loblaws",
        "member_price": null,
        "non_member_price": null,
        "desc_price": null,
        "temp_id": null,
        "tsv_title_brand": "'boneless':1 'choic':11 'pacif':6 'presid':9 'salmon':8 'skinless':2 'sockey':7 'sourc':4 'sustain':3 'wild':5",
        "count": 0,
        "cart": false
    },
    {
        "id": "7065002",
        "category": "Pantry",
        "storeID": "4429",
        "productID": "20296567001_EA",
        "title": "Peach Slices, Water Packed No Sugar Added",
        "brand": "Del Monte",
        "regprice": null,
        "saleprice": "$2.99",
        "wasprice": "$3.29",
        "sale": "SAVE $0.30",
        "image": "https://assets.shop.loblaws.ca/products/20296567001/b3/en/front/20296567001_front_a06_@2.png",
        "point": null,
        "stock": null,
        "weight": "398 ml, $0.75/100ml",
        "last_update": "2024-11-20",
        "storetype": "Loblaws",
        "member_price": null,
        "non_member_price": null,
        "desc_price": null,
        "temp_id": null,
        "tsv_title_brand": "'ad':7 'del':8 'mont':9 'pack':4 'peach':1 'slice':2 'sugar':6 'water':3",
        "count": 0,
        "cart": false
    },
    {
        "id": "7065019",
        "category": "Pantry",
        "storeID": "4429",
        "productID": "20296567007_EA",
        "title": "Fruit Cocktail, Water Packed No Sugar Added",
        "brand": "Del Monte",
        "regprice": null,
        "saleprice": "$2.99",
        "wasprice": "$3.29",
        "sale": "SAVE $0.30",
        "image": "https://assets.shop.loblaws.ca/products/20296567007/b3/en/front/20296567007_front_a06_@2.png",
        "point": null,
        "stock": null,
        "weight": "398 ml, $0.75/100ml",
        "last_update": "2024-11-20",
        "storetype": "Loblaws",
        "member_price": null,
        "non_member_price": null,
        "desc_price": null,
        "temp_id": null,
        "tsv_title_brand": "'ad':7 'cocktail':2 'del':8 'fruit':1 'mont':9 'pack':4 'sugar':6 'water':3",
        "count": 0,
        "cart": false
    },
    {
        "id": "7064914",
        "category": "Pantry",
        "storeID": "4429",
        "productID": "20101518002_EA",
        "title": "Homestyle Baked Beans",
        "brand": "Bush's Best",
        "regprice": null,
        "saleprice": "$2.00",
        "wasprice": "$2.49",
        "sale": "SAVE $0.49",
        "image": "https://assets.shop.loblaws.ca/products/20101518002/b3/en/front/20101518002_front_a06_@2.png",
        "point": null,
        "stock": null,
        "weight": "398 ml, $0.50/100ml",
        "last_update": "2024-11-20",
        "storetype": "Loblaws",
        "member_price": null,
        "non_member_price": null,
        "desc_price": null,
        "temp_id": null,
        "tsv_title_brand": "'bake':2 'bean':3 'best':6 'bush':4 'homestyl':1",
        "count": 0,
        "cart": false
    },
    {
        "id": "7065008",
        "category": "Pantry",
        "storeID": "4429",
        "productID": "20618824_EA",
        "title": "Clingstone Peach Slices in Juice from Concentrate",
        "brand": "No Name",
        "regprice": null,
        "saleprice": "$4.00",
        "wasprice": "$4.50",
        "sale": "SAVE $0.50",
        "image": "https://assets.shop.loblaws.ca/products/20618824/b3/en/front/20618824_front_a06_@2.png",
        "point": null,
        "stock": null,
        "weight": "796 ml, $0.50/100ml",
        "last_update": "2024-11-20",
        "storetype": "Loblaws",
        "member_price": null,
        "non_member_price": null,
        "desc_price": null,
        "temp_id": null,
        "tsv_title_brand": "'clingston':1 'concentr':7 'juic':5 'name':9 'peach':2 'slice':3",
        "count": 0,
        "cart": false
    },
    {
        "id": "7065516",
        "category": "Pantry",
        "storeID": "4429",
        "productID": "20102920002_EA",
        "title": "Traditional Yeast",
        "brand": "Fleischmanns",
        "regprice": null,
        "saleprice": "$5.49",
        "wasprice": "$5.99",
        "sale": "SAVE $0.50",
        "image": "https://assets.shop.loblaws.ca/products/20102920002/b3/en/front/20102920002_front_a06_@2.png",
        "point": null,
        "stock": null,
        "weight": "113 g, $4.86/100g",
        "last_update": "2024-11-20",
        "storetype": "Loblaws",
        "member_price": null,
        "non_member_price": null,
        "desc_price": null,
        "temp_id": null,
        "tsv_title_brand": "'fleischmann':3 'tradit':1 'yeast':2",
        "count": 0,
        "cart": false
    },
    {
        "id": "7065591",
        "category": "Pantry",
        "storeID": "4429",
        "productID": "20307001001_EA",
        "title": "Vanilla Instant Pudding Mix",
        "brand": "Jell-O",
        "regprice": null,
        "saleprice": "$2.00",
        "wasprice": "$2.29",
        "sale": "SAVE $0.29",
        "image": "https://assets.shop.loblaws.ca/products/20307001001/b3/en/front/20307001001_front_a06_@2.png",
        "point": null,
        "stock": null,
        "weight": "102 g, $1.96/100g",
        "last_update": "2024-11-20",
        "storetype": "Loblaws",
        "member_price": null,
        "non_member_price": null,
        "desc_price": null,
        "temp_id": null,
        "tsv_title_brand": "'instant':2 'jell':6 'jell-o':5 'mix':4 'o':7 'pud':3 'vanilla':1",
        "count": 0,
        "cart": false
    },
    {
        "id": "7065702",
        "category": "Pantry",
        "storeID": "4429",
        "productID": "20297436001_EA",
        "title": "Bouillon Cubes chicken flavour",
        "brand": "Knorr",
        "regprice": null,
        "saleprice": "$3.00",
        "wasprice": "$3.79",
        "sale": "SAVE $0.79",
        "image": "https://assets.shop.loblaws.ca/products/20297436001/b3/en/front/20297436001_front_a06_@2.png",
        "point": null,
        "stock": null,
        "weight": "69 g, $4.35/100g",
        "last_update": "2024-11-20",
        "storetype": "Loblaws",
        "member_price": null,
        "non_member_price": null,
        "desc_price": null,
        "temp_id": null,
        "tsv_title_brand": "'bouillon':1 'chicken':3 'cube':2 'flavour':4 'knorr':5",
        "count": 0,
        "cart": false
    },
    {
        "id": "7065713",
        "category": "Pantry",
        "storeID": "4429",
        "productID": "21004938_EA",
        "title": "Peri Peri Sauce, Medium",
        "brand": "Nando's",
        "regprice": null,
        "saleprice": "$5.99",
        "wasprice": "$7.49",
        "sale": "SAVE $1.50",
        "image": "https://assets.shop.loblaws.ca/products/21004938/b3/en/front/21004938_front_a06_@2.png",
        "point": null,
        "stock": null,
        "weight": "250 ml, $2.40/100ml",
        "last_update": "2024-11-20",
        "storetype": "Loblaws",
        "member_price": null,
        "non_member_price": null,
        "desc_price": null,
        "temp_id": null,
        "tsv_title_brand": "'medium':4 'nando':5 'peri':1,2 'sauc':3",
        "count": 0,
        "cart": false
    },
    {
        "id": "7065712",
        "category": "Pantry",
        "storeID": "4429",
        "productID": "21448127_EA",
        "title": "Raspberry Vinaigrette",
        "brand": "Skinnygirl",
        "regprice": null,
        "saleprice": "$3.79",
        "wasprice": "$3.99",
        "sale": "SAVE $0.20",
        "image": "https://assets.shop.loblaws.ca/products/21448127/b3/en/front/21448127_front_a06_@2.png",
        "point": null,
        "stock": null,
        "weight": "237 ml, $1.60/100ml",
        "last_update": "2024-11-20",
        "storetype": "Loblaws",
        "member_price": null,
        "non_member_price": null,
        "desc_price": null,
        "temp_id": null,
        "tsv_title_brand": "'raspberri':1 'skinnygirl':3 'vinaigrett':2",
        "count": 0,
        "cart": false
    },
    {
        "id": "7066348",
        "category": "Pantry",
        "storeID": "4429",
        "productID": "20174377_EA",
        "title": "Balsamic Vinegar",
        "brand": "Unico",
        "regprice": null,
        "saleprice": "$4.79",
        "wasprice": "$4.99",
        "sale": "SAVE $0.20",
        "image": "https://assets.shop.loblaws.ca/products/20174377/b3/en/front/20174377_front_a06_@2.png",
        "point": null,
        "stock": null,
        "weight": "500 ml, $0.96/100ml",
        "last_update": "2024-11-20",
        "storetype": "Loblaws",
        "member_price": null,
        "non_member_price": null,
        "desc_price": null,
        "temp_id": null,
        "tsv_title_brand": "'balsam':1 'unico':3 'vinegar':2",
        "count": 0,
        "cart": false
    },
    {
        "id": "7066378",
        "category": "Pantry",
        "storeID": "4429",
        "productID": "20315275001_EA",
        "title": "Cooking Spray with Olive Oil",
        "brand": "Pam",
        "regprice": null,
        "saleprice": "$5.99",
        "wasprice": "$6.49",
        "sale": "SAVE $0.50",
        "image": "https://assets.shop.loblaws.ca/products/20315275001/b3/en/front/20315275001_front_a06_@2.png",
        "point": null,
        "stock": null,
        "weight": "141 g, $4.25/100g",
        "last_update": "2024-11-20",
        "storetype": "Loblaws",
        "member_price": null,
        "non_member_price": null,
        "desc_price": null,
        "temp_id": null,
        "tsv_title_brand": "'cook':1 'oil':5 'oliv':4 'pam':6 'spray':2",
        "count": 0,
        "cart": false
    },
    {
        "id": "7065815",
        "category": "Pantry",
        "storeID": "4429",
        "productID": "20249619002_EA",
        "title": "Original Ranch Salad Dressing & Topping, Gluten Free",
        "brand": "Hidden Valley",
        "regprice": null,
        "saleprice": "$5.79",
        "wasprice": "$5.99",
        "sale": "SAVE $0.20",
        "image": "https://assets.shop.loblaws.ca/products/20249619002/b3/en/front/20249619002_front_a06_@2.png",
        "point": null,
        "stock": null,
        "weight": "473 ml, $1.22/100ml",
        "last_update": "2024-11-20",
        "storetype": "Loblaws",
        "member_price": null,
        "non_member_price": null,
        "desc_price": null,
        "temp_id": null,
        "tsv_title_brand": "'dress':4 'free':7 'gluten':6 'hidden':8 'origin':1 'ranch':2 'salad':3 'top':5 'valley':9",
        "count": 0,
        "cart": false
    },
    {
        "id": "7065820",
        "category": "Pantry",
        "storeID": "4429",
        "productID": "20923713_EA",
        "title": "Greek Tzatziki Salad Dressing & Topping, Gluten Free",
        "brand": "Hidden Valley",
        "regprice": null,
        "saleprice": "$5.79",
        "wasprice": "$5.99",
        "sale": "SAVE $0.20",
        "image": "https://assets.shop.loblaws.ca/products/20923713/b3/en/front/20923713_front_a06_@2.png",
        "point": null,
        "stock": null,
        "weight": "473 ml, $1.22/100ml",
        "last_update": "2024-11-20",
        "storetype": "Loblaws",
        "member_price": null,
        "non_member_price": null,
        "desc_price": null,
        "temp_id": null,
        "tsv_title_brand": "'dress':4 'free':7 'gluten':6 'greek':1 'hidden':8 'salad':3 'top':5 'tzatziki':2 'valley':9",
        "count": 0,
        "cart": false
    },
    {
        "id": "7065958",
        "category": "Pantry",
        "storeID": "4429",
        "productID": "20159354_EA",
        "title": "Fully Cooked Real Bacon Bits",
        "brand": "No Name",
        "regprice": null,
        "saleprice": "$6.29",
        "wasprice": "$6.49",
        "sale": "SAVE $0.20",
        "image": "https://assets.shop.loblaws.ca/products/20159354/b3/en/front/20159354_front_a06_@2.png",
        "point": null,
        "stock": null,
        "weight": "85 g, $7.40/100g",
        "last_update": "2024-11-20",
        "storetype": "Loblaws",
        "member_price": null,
        "non_member_price": null,
        "desc_price": null,
        "temp_id": null,
        "tsv_title_brand": "'bacon':4 'bit':5 'cook':2 'fulli':1 'name':7 'real':3",
        "count": 0,
        "cart": false
    },
    {
        "id": "7065776",
        "category": "Pantry",
        "storeID": "4429",
        "productID": "21478280_EA",
        "title": "Cranberry Vinaigrette",
        "brand": "President's Choice",
        "regprice": null,
        "saleprice": "$4.79",
        "wasprice": "$4.99",
        "sale": "SAVE $0.20",
        "image": "https://assets.shop.loblaws.ca/products/21478280/b3/en/front/21478280_front_a06_@2.png",
        "point": null,
        "stock": null,
        "weight": "350 ml, $1.37/100ml",
        "last_update": "2024-11-20",
        "storetype": "Loblaws",
        "member_price": null,
        "non_member_price": null,
        "desc_price": null,
        "temp_id": null,
        "tsv_title_brand": "'choic':5 'cranberri':1 'presid':3 'vinaigrett':2",
        "count": 0,
        "cart": false
    },
    {
        "id": "7065822",
        "category": "Pantry",
        "storeID": "4429",
        "productID": "21085321_EA",
        "title": "Green Curry Cooking Sauce Kit 3 Step",
        "brand": "Blue Dragon",
        "regprice": null,
        "saleprice": "$4.49",
        "wasprice": "$6.29",
        "sale": "SAVE $1.80",
        "image": "https://assets.shop.loblaws.ca/products/21085321/b3/en/front/21085321_front_a06_@2.png",
        "point": null,
        "stock": null,
        "weight": "253 g, $1.77/100g",
        "last_update": "2024-11-20",
        "storetype": "Loblaws",
        "member_price": null,
        "non_member_price": null,
        "desc_price": null,
        "temp_id": null,
        "tsv_title_brand": "'3':6 'blue':8 'cook':3 'curri':2 'dragon':9 'green':1 'kit':5 'sauc':4 'step':7",
        "count": 0,
        "cart": false
    },
    {
        "id": "7065869",
        "category": "Pantry",
        "storeID": "4429",
        "productID": "21591867_EA",
        "title": "Mayonnaise Dressing Mild Chipotle",
        "brand": "Hellmanns",
        "regprice": null,
        "saleprice": "$5.00",
        "wasprice": "$5.99",
        "sale": "SAVE $0.99",
        "image": "https://assets.shop.loblaws.ca/products/21591867/b3/en/front/21591867_front_a06_@2.png",
        "point": null,
        "stock": null,
        "weight": "340 ml, $1.47/100ml",
        "last_update": "2024-11-20",
        "storetype": "Loblaws",
        "member_price": null,
        "non_member_price": null,
        "desc_price": null,
        "temp_id": null,
        "tsv_title_brand": "'chipotl':4 'dress':2 'hellmann':5 'mayonnais':1 'mild':3",
        "count": 0,
        "cart": false
    },
    {
        "id": "7065959",
        "category": "Pantry",
        "storeID": "4429",
        "productID": "20983840_EA",
        "title": "Fish Sauce",
        "brand": "Blue Dragon",
        "regprice": null,
        "saleprice": "$2.49",
        "wasprice": "$3.79",
        "sale": "SAVE $1.30",
        "image": "https://assets.shop.loblaws.ca/products/20983840/b3/en/front/20983840_front_a06_@2.png",
        "point": null,
        "stock": null,
        "weight": "150 ml, $1.66/100ml",
        "last_update": "2024-11-20",
        "storetype": "Loblaws",
        "member_price": null,
        "non_member_price": null,
        "desc_price": null,
        "temp_id": null,
        "tsv_title_brand": "'blue':3 'dragon':4 'fish':1 'sauc':2",
        "count": 0,
        "cart": false
    },
    {
        "id": "7066080",
        "category": "Pantry",
        "storeID": "4429",
        "productID": "20986862_EA",
        "title": "Oyster Sauce",
        "brand": "Blue Dragon",
        "regprice": null,
        "saleprice": "$3.79",
        "wasprice": "$5.49",
        "sale": "SAVE $1.70",
        "image": "https://assets.shop.loblaws.ca/products/20986862/b3/en/front/20986862_front_a06_@2.png",
        "point": null,
        "stock": null,
        "weight": "150 ml, $2.53/100ml",
        "last_update": "2024-11-20",
        "storetype": "Loblaws",
        "member_price": null,
        "non_member_price": null,
        "desc_price": null,
        "temp_id": null,
        "tsv_title_brand": "'blue':3 'dragon':4 'oyster':1 'sauc':2",
        "count": 0,
        "cart": false
    },
    {
        "id": "7065954",
        "category": "Pantry",
        "storeID": "4429",
        "productID": "20122943_EA",
        "title": "Jerk Marinade",
        "brand": "Grace",
        "regprice": null,
        "saleprice": "$5.29",
        "wasprice": "$5.49",
        "sale": "SAVE $0.20",
        "image": "https://assets.shop.loblaws.ca/products/20122943/b3/en/front/20122943_front_a06_@2.png",
        "point": null,
        "stock": null,
        "weight": "350 ml, $1.51/100ml",
        "last_update": "2024-11-20",
        "storetype": "Loblaws",
        "member_price": "Prepared in Canada",
        "non_member_price": null,
        "desc_price": null,
        "temp_id": null,
        "tsv_title_brand": "'grace':3 'jerk':1 'marinad':2",
        "count": 0,
        "cart": false
    },
    {
        "id": "7065962",
        "category": "Pantry",
        "storeID": "4429",
        "productID": "20032602002_EA",
        "title": "Old Style Mustard",
        "brand": "Maille",
        "regprice": null,
        "saleprice": "$8.49",
        "wasprice": "$9.49",
        "sale": "SAVE $1.00",
        "image": "https://assets.shop.loblaws.ca/products/20032602002/b3/en/front/20032602002_front_a06_@2.png",
        "point": null,
        "stock": null,
        "weight": "500 ml, $1.70/100ml",
        "last_update": "2024-11-20",
        "storetype": "Loblaws",
        "member_price": null,
        "non_member_price": null,
        "desc_price": null,
        "temp_id": null,
        "tsv_title_brand": "'maill':4 'mustard':3 'old':1 'style':2",
        "count": 0,
        "cart": false
    },
    {
        "id": "7066517",
        "category": "Pantry",
        "storeID": "4429",
        "productID": "20300888_EA",
        "title": "Mango & Lime Medium Salsa",
        "brand": "President's Choice",
        "regprice": null,
        "saleprice": "$4.50",
        "wasprice": "$4.99",
        "sale": "SAVE $0.49",
        "image": "https://assets.shop.loblaws.ca/products/20300888/b3/en/front/20300888_front_a06_@2.png",
        "point": null,
        "stock": null,
        "weight": "430 ml, $1.05/100ml",
        "last_update": "2024-11-20",
        "storetype": "Loblaws",
        "member_price": "Prepared in Canada",
        "non_member_price": null,
        "desc_price": null,
        "temp_id": null,
        "tsv_title_brand": "'choic':7 'lime':2 'mango':1 'medium':3 'presid':5 'salsa':4",
        "count": 0,
        "cart": false
    },
    {
        "id": "7067282",
        "category": "Pantry",
        "storeID": "4429",
        "productID": "20325609003_EA",
        "title": "Alfredo Spaghetti Pasta Sauce",
        "brand": "Classico",
        "regprice": null,
        "saleprice": "$3.00",
        "wasprice": "$5.00",
        "sale": "SAVE $2.00",
        "image": "https://assets.shop.loblaws.ca/products/20325609003/b3/en/front/20325609003_front_a06_@2.png",
        "point": null,
        "stock": null,
        "weight": "410 ml, $0.73/100ml",
        "last_update": "2024-11-20",
        "storetype": "Loblaws",
        "member_price": null,
        "non_member_price": null,
        "desc_price": null,
        "temp_id": null,
        "tsv_title_brand": "'alfredo':1 'classico':5 'pasta':3 'sauc':4 'spaghetti':2",
        "count": 0,
        "cart": false
    },
    {
        "id": "7065873",
        "category": "Pantry",
        "storeID": "4429",
        "productID": "20713006_EA",
        "title": "Hoisin Sauce",
        "brand": "Blue Dragon",
        "regprice": null,
        "saleprice": "$4.79",
        "wasprice": "$4.99",
        "sale": "SAVE $0.20",
        "image": "https://assets.shop.loblaws.ca/products/20713006/b3/en/front/20713006_front_a06_@2.png",
        "point": null,
        "stock": null,
        "weight": "200 ml, $2.40/100ml",
        "last_update": "2024-11-20",
        "storetype": "Loblaws",
        "member_price": null,
        "non_member_price": null,
        "desc_price": null,
        "temp_id": null,
        "tsv_title_brand": "'blue':3 'dragon':4 'hoisin':1 'sauc':2",
        "count": 0,
        "cart": false
    },
    {
        "id": "7066890",
        "category": "Pantry",
        "storeID": "4429",
        "productID": "21618217_EA",
        "title": "Tomato & Basil Pasta Sauce",
        "brand": "Classico",
        "regprice": null,
        "saleprice": "$3.00",
        "wasprice": "$5.99",
        "sale": "SAVE $2.99",
        "image": "https://assets.shop.loblaws.ca/products/21618217/b3/en/front/21618217_front_a06_@2.png",
        "point": null,
        "stock": null,
        "weight": "600 ml, $0.50/100ml",
        "last_update": "2024-11-20",
        "storetype": "Loblaws",
        "member_price": null,
        "non_member_price": null,
        "desc_price": null,
        "temp_id": null,
        "tsv_title_brand": "'basil':2 'classico':5 'pasta':3 'sauc':4 'tomato':1",
        "count": 0,
        "cart": false
    },
    {
        "id": "7066895",
        "category": "Pantry",
        "storeID": "4429",
        "productID": "20325609001_EA",
        "title": "Alfredo & Roasted Garlic Spaghetti Pasta Sauce",
        "brand": "Classico",
        "regprice": null,
        "saleprice": "$3.00",
        "wasprice": "$5.00",
        "sale": "SAVE $2.00",
        "image": "https://assets.shop.loblaws.ca/products/20325609001/b3/en/front/20325609001_front_a06_@2.png",
        "point": null,
        "stock": null,
        "weight": "410 ml, $0.73/100ml",
        "last_update": "2024-11-20",
        "storetype": "Loblaws",
        "member_price": null,
        "non_member_price": null,
        "desc_price": null,
        "temp_id": null,
        "tsv_title_brand": "'alfredo':1 'classico':7 'garlic':3 'pasta':5 'roast':2 'sauc':6 'spaghetti':4",
        "count": 0,
        "cart": false
    },
    {
        "id": "7067086",
        "category": "Pantry",
        "storeID": "4429",
        "productID": "21618343_EA",
        "title": "Spicy Red Pepper Pasta Sauce",
        "brand": "Classico",
        "regprice": null,
        "saleprice": "$3.00",
        "wasprice": "$5.99",
        "sale": "SAVE $2.99",
        "image": "https://assets.shop.loblaws.ca/products/21618343/b3/en/front/21618343_front_a06_@2.png",
        "point": null,
        "stock": null,
        "weight": "600 ml, $0.50/100ml",
        "last_update": "2024-11-20",
        "storetype": "Loblaws",
        "member_price": null,
        "non_member_price": null,
        "desc_price": null,
        "temp_id": null,
        "tsv_title_brand": "'classico':6 'pasta':4 'pepper':3 'red':2 'sauc':5 'spici':1",
        "count": 0,
        "cart": false
    },
    {
        "id": "7067099",
        "category": "Pantry",
        "storeID": "4429",
        "productID": "21618218_EA",
        "title": "Four Cheese Pasta Sauce Jar",
        "brand": "Classico",
        "regprice": null,
        "saleprice": "$3.00",
        "wasprice": "$5.99",
        "sale": "SAVE $2.99",
        "image": "https://assets.shop.loblaws.ca/products/21618218/b3/en/front/21618218_front_a06_@2.png",
        "point": null,
        "stock": null,
        "weight": "600 ml, $0.50/100ml",
        "last_update": "2024-11-20",
        "storetype": "Loblaws",
        "member_price": null,
        "non_member_price": null,
        "desc_price": null,
        "temp_id": null,
        "tsv_title_brand": "'chees':2 'classico':6 'four':1 'jar':5 'pasta':3 'sauc':4",
        "count": 0,
        "cart": false
    },
    {
        "id": "7067199",
        "category": "Pantry",
        "storeID": "4429",
        "productID": "20316614001_EA",
        "title": "Pasta, Puntalette",
        "brand": "Delverde",
        "regprice": null,
        "saleprice": "$1.99",
        "wasprice": "$3.00",
        "sale": "SAVE $1.01",
        "image": "https://assets.shop.loblaws.ca/products/20316614001/b3/en/front/20316614001_front_a06_@2.png",
        "point": "500 PC Optimum Points",
        "stock": null,
        "weight": "450 g, $0.44/100g",
        "last_update": "2024-11-20",
        "storetype": "Loblaws",
        "member_price": null,
        "non_member_price": null,
        "desc_price": null,
        "temp_id": null,
        "tsv_title_brand": "'delverd':3 'pasta':1 'puntalett':2",
        "count": 0,
        "cart": false
    },
    {
        "id": "7067512",
        "category": "Pantry",
        "storeID": "4429",
        "productID": "21405127_EA",
        "title": "BISTRO EXPRESS Fried Rice Side Dish",
        "brand": "Bens",
        "regprice": null,
        "saleprice": "$3.00",
        "wasprice": "$4.00",
        "sale": "SAVE $1.00",
        "image": "https://assets.shop.loblaws.ca/products/21405127/b3/en/front/21405127_front_a06_@2.png",
        "point": null,
        "stock": null,
        "weight": "250 g, $1.20/100g",
        "last_update": "2024-11-20",
        "storetype": "Loblaws",
        "member_price": null,
        "non_member_price": null,
        "desc_price": null,
        "temp_id": null,
        "tsv_title_brand": "'ben':7 'bistro':1 'dish':6 'express':2 'fri':3 'rice':4 'side':5",
        "count": 0,
        "cart": false
    },
    {
        "id": "7067508",
        "category": "Pantry",
        "storeID": "4429",
        "productID": "21405476_EA",
        "title": "BISTRO EXPRESS Basmati Rice Side Dish",
        "brand": "Bens",
        "regprice": null,
        "saleprice": "$3.00",
        "wasprice": "$4.00",
        "sale": "SAVE $1.00",
        "image": "https://assets.shop.loblaws.ca/products/21405476/b3/en/front/21405476_front_a06_@2.png",
        "point": null,
        "stock": null,
        "weight": "250 g, $1.20/100g",
        "last_update": "2024-11-20",
        "storetype": "Loblaws",
        "member_price": null,
        "non_member_price": null,
        "desc_price": null,
        "temp_id": null,
        "tsv_title_brand": "'basmati':3 'ben':7 'bistro':1 'dish':6 'express':2 'rice':4 'side':5",
        "count": 0,
        "cart": false
    },
    {
        "id": "7067513",
        "category": "Pantry",
        "storeID": "4429",
        "productID": "21405242_EA",
        "title": "BISTRO EXPRESS Long Grain & Wild Rice Roasted Chicken Flavour",
        "brand": "Bens",
        "regprice": null,
        "saleprice": "$3.00",
        "wasprice": "$4.00",
        "sale": "SAVE $1.00",
        "image": "https://assets.shop.loblaws.ca/products/21405242/b3/en/front/21405242_front_a06_@2.png",
        "point": null,
        "stock": null,
        "weight": "250 g, $1.20/100g",
        "last_update": "2024-11-20",
        "storetype": "Loblaws",
        "member_price": null,
        "non_member_price": null,
        "desc_price": null,
        "temp_id": null,
        "tsv_title_brand": "'ben':10 'bistro':1 'chicken':8 'express':2 'flavour':9 'grain':4 'long':3 'rice':6 'roast':7 'wild':5",
        "count": 0,
        "cart": false
    },
    {
        "id": "7069394",
        "category": "Snacks, Chips & Candy",
        "storeID": "4429",
        "productID": "20325154001_EA",
        "title": "Rice Pudding Cups",
        "brand": "Kozy Shack",
        "regprice": null,
        "saleprice": "$3.99",
        "wasprice": "$6.49",
        "sale": "SAVE $2.50",
        "image": "https://assets.shop.loblaws.ca/products/20325154001/b3/en/front/20325154001_front_a06_@2.png",
        "point": null,
        "stock": null,
        "weight": "6x113.0 g, $0.59/100g",
        "last_update": "2024-11-20",
        "storetype": "Loblaws",
        "member_price": null,
        "non_member_price": null,
        "desc_price": null,
        "temp_id": null,
        "tsv_title_brand": "'cup':3 'kozi':4 'pud':2 'rice':1 'shack':5",
        "count": 0,
        "cart": false
    },
    {
        "id": "7069401",
        "category": "Snacks, Chips & Candy",
        "storeID": "4429",
        "productID": "20323829002_EA",
        "title": "Tapioca Pudding Tubs",
        "brand": "Kozy Shack",
        "regprice": null,
        "saleprice": "$3.99",
        "wasprice": "$4.99",
        "sale": "SAVE $1.00",
        "image": "https://assets.shop.loblaws.ca/products/20323829002/b3/en/front/20323829002_front_a06_@2.png",
        "point": null,
        "stock": null,
        "weight": "624 g, $0.64/100g",
        "last_update": "2024-11-20",
        "storetype": "Loblaws",
        "member_price": null,
        "non_member_price": null,
        "desc_price": null,
        "temp_id": null,
        "tsv_title_brand": "'kozi':4 'pud':2 'shack':5 'tapioca':1 'tub':3",
        "count": 0,
        "cart": false
    },
    {
        "id": "7069229",
        "category": "Snacks, Chips & Candy",
        "storeID": "4429",
        "productID": "20323829001_EA",
        "title": "Rice Pudding Tubs",
        "brand": "Kozy Shack",
        "regprice": null,
        "saleprice": "$3.99",
        "wasprice": "$4.99",
        "sale": "SAVE $1.00",
        "image": "https://assets.shop.loblaws.ca/products/20323829001/b3/en/front/20323829001_front_a06_@2.png",
        "point": null,
        "stock": null,
        "weight": "624 g, $0.64/100g",
        "last_update": "2024-11-20",
        "storetype": "Loblaws",
        "member_price": null,
        "non_member_price": null,
        "desc_price": null,
        "temp_id": null,
        "tsv_title_brand": "'kozi':4 'pud':2 'rice':1 'shack':5 'tub':3",
        "count": 0,
        "cart": false
    },
    {
        "id": "7069241",
        "category": "Snacks, Chips & Candy",
        "storeID": "4429",
        "productID": "21520692_EA",
        "title": "Potato Chips Honey Dijon",
        "brand": "Kettle",
        "regprice": null,
        "saleprice": "$2.99",
        "wasprice": "$3.99",
        "sale": "SAVE $1.00",
        "image": "https://assets.shop.loblaws.ca/products/21520692/b3/en/front/21520692_front_a06_@2.png",
        "point": null,
        "stock": null,
        "weight": "198 g, $1.51/100g",
        "last_update": "2024-11-20",
        "storetype": "Loblaws",
        "member_price": null,
        "non_member_price": null,
        "desc_price": null,
        "temp_id": null,
        "tsv_title_brand": "'chip':2 'dijon':4 'honey':3 'kettl':5 'potato':1",
        "count": 0,
        "cart": false
    },
    {
        "id": "7069311",
        "category": "Snacks, Chips & Candy",
        "storeID": "4429",
        "productID": "20321764003_EA",
        "title": "Rice Pudding Cups No Sugar Added",
        "brand": "Kozy Shack",
        "regprice": null,
        "saleprice": "$3.99",
        "wasprice": "$4.99",
        "sale": "SAVE $1.00",
        "image": "https://assets.shop.loblaws.ca/products/20321764003/b3/en/front/20321764003_front_a06_@2.png",
        "point": null,
        "stock": null,
        "weight": "4x113.0 g, $0.88/100g",
        "last_update": "2024-11-20",
        "storetype": "Loblaws",
        "member_price": null,
        "non_member_price": null,
        "desc_price": null,
        "temp_id": null,
        "tsv_title_brand": "'ad':6 'cup':3 'kozi':7 'pud':2 'rice':1 'shack':8 'sugar':5",
        "count": 0,
        "cart": false
    },
    {
        "id": "7069395",
        "category": "Snacks, Chips & Candy",
        "storeID": "4429",
        "productID": "20325154002_EA",
        "title": "Tapioca Pudding Cups",
        "brand": "Kozy Shack",
        "regprice": null,
        "saleprice": "$3.99",
        "wasprice": "$6.49",
        "sale": "SAVE $2.50",
        "image": "https://assets.shop.loblaws.ca/products/20325154002/b3/en/front/20325154002_front_a06_@2.png",
        "point": null,
        "stock": null,
        "weight": "6x113.0 g, $0.59/100g",
        "last_update": "2024-11-20",
        "storetype": "Loblaws",
        "member_price": null,
        "non_member_price": null,
        "desc_price": null,
        "temp_id": null,
        "tsv_title_brand": "'cup':3 'kozi':4 'pud':2 'shack':5 'tapioca':1",
        "count": 0,
        "cart": false
    },
    {
        "id": "7069472",
        "category": "Snacks, Chips & Candy",
        "storeID": "4429",
        "productID": "21315955_EA",
        "title": "World of Flavours Portuguese Chicken Flavour Rippled Potato Chips",
        "brand": "President's Choice",
        "regprice": null,
        "saleprice": "$2.50",
        "wasprice": "$2.99",
        "sale": "SAVE $0.49",
        "image": "https://assets.shop.loblaws.ca/products/21315955/b3/en/front/21315955_front_a06_@2.png",
        "point": null,
        "stock": null,
        "weight": "200 g, $1.25/100g",
        "last_update": "2024-11-20",
        "storetype": "Loblaws",
        "member_price": null,
        "non_member_price": null,
        "desc_price": null,
        "temp_id": null,
        "tsv_title_brand": "'chicken':5 'chip':9 'choic':12 'flavour':3,6 'portugues':4 'potato':8 'presid':10 'rippl':7 'world':1",
        "count": 0,
        "cart": false
    },
    {
        "id": "7069674",
        "category": "Snacks, Chips & Candy",
        "storeID": "4429",
        "productID": "21520658_EA",
        "title": "Potato Chips Backyard Barbeque",
        "brand": "Kettle",
        "regprice": null,
        "saleprice": "$2.99",
        "wasprice": "$3.99",
        "sale": "SAVE $1.00",
        "image": "https://assets.shop.loblaws.ca/products/21520658/b3/en/front/21520658_front_a06_@2.png",
        "point": null,
        "stock": null,
        "weight": "198 g, $1.51/100g",
        "last_update": "2024-11-20",
        "storetype": "Loblaws",
        "member_price": null,
        "non_member_price": null,
        "desc_price": null,
        "temp_id": null,
        "tsv_title_brand": "'backyard':3 'barbequ':4 'chip':2 'kettl':5 'potato':1",
        "count": 0,
        "cart": false
    },
    {
        "id": "7069240",
        "category": "Snacks, Chips & Candy",
        "storeID": "4429",
        "productID": "21520661_EA",
        "title": "Krinkle Cut Potato Chips Salt & Fresh Ground Pepper",
        "brand": "Kettle",
        "regprice": null,
        "saleprice": "$2.99",
        "wasprice": "$3.99",
        "sale": "SAVE $1.00",
        "image": "https://assets.shop.loblaws.ca/products/21520661/b3/en/front/21520661_front_a06_@2.png",
        "point": null,
        "stock": null,
        "weight": "198 g, $1.51/100g",
        "last_update": "2024-11-20",
        "storetype": "Loblaws",
        "member_price": null,
        "non_member_price": null,
        "desc_price": null,
        "temp_id": null,
        "tsv_title_brand": "'chip':4 'cut':2 'fresh':6 'ground':7 'kettl':9 'krinkl':1 'pepper':8 'potato':3 'salt':5",
        "count": 0,
        "cart": false
    },
    {
        "id": "7069320",
        "category": "Snacks, Chips & Candy",
        "storeID": "4429",
        "productID": "21036714_EA",
        "title": "Fuego Spicy Chili Pepper and Lime Rolled Tortilla Chips",
        "brand": "Takis",
        "regprice": null,
        "saleprice": "$3.49",
        "wasprice": "$4.00",
        "sale": "SAVE $0.51",
        "image": "https://assets.shop.loblaws.ca/products/21036714/b3/en/front/21036714_front_a06_@2.png",
        "point": null,
        "stock": null,
        "weight": "280 g, $1.25/100g",
        "last_update": "2024-11-20",
        "storetype": "Loblaws",
        "member_price": null,
        "non_member_price": null,
        "desc_price": null,
        "temp_id": null,
        "tsv_title_brand": "'chili':3 'chip':9 'fuego':1 'lime':6 'pepper':4 'roll':7 'spici':2 'taki':10 'tortilla':8",
        "count": 0,
        "cart": false
    },
    {
        "id": "7069397",
        "category": "Snacks, Chips & Candy",
        "storeID": "4429",
        "productID": "21520670_EA",
        "title": "Krinkle Cut Potato Chips Dill Pickle",
        "brand": "Kettle",
        "regprice": null,
        "saleprice": "$2.99",
        "wasprice": "$3.99",
        "sale": "SAVE $1.00",
        "image": "https://assets.shop.loblaws.ca/products/21520670/b3/en/front/21520670_front_a06_@2.png",
        "point": null,
        "stock": null,
        "weight": "198 g, $1.51/100g",
        "last_update": "2024-11-20",
        "storetype": "Loblaws",
        "member_price": null,
        "non_member_price": null,
        "desc_price": null,
        "temp_id": null,
        "tsv_title_brand": "'chip':4 'cut':2 'dill':5 'kettl':7 'krinkl':1 'pickl':6 'potato':3",
        "count": 0,
        "cart": false
    },
    {
        "id": "7069494",
        "category": "Snacks, Chips & Candy",
        "storeID": "4429",
        "productID": "21387574_EA",
        "title": "World of Flavours Taco Flavour Rippled Potato Chips",
        "brand": "President's Choice",
        "regprice": null,
        "saleprice": "$2.50",
        "wasprice": "$2.99",
        "sale": "SAVE $0.49",
        "image": "https://assets.shop.loblaws.ca/products/21387574/b3/en/front/21387574_front_a06_@2.png",
        "point": null,
        "stock": null,
        "weight": "200 g, $1.25/100g",
        "last_update": "2024-11-20",
        "storetype": "Loblaws",
        "member_price": null,
        "non_member_price": null,
        "desc_price": null,
        "temp_id": null,
        "tsv_title_brand": "'chip':8 'choic':11 'flavour':3,5 'potato':7 'presid':9 'rippl':6 'taco':4 'world':1",
        "count": 0,
        "cart": false
    },
    {
        "id": "7069431",
        "category": "Snacks, Chips & Candy",
        "storeID": "4429",
        "productID": "20308591001_EA",
        "title": "Crispy Minis Sour Cream & Onion flavour brown rice chips",
        "brand": "Quaker",
        "regprice": null,
        "saleprice": "$3.00",
        "wasprice": "$3.50",
        "sale": "SAVE $0.50",
        "image": "https://assets.shop.loblaws.ca/products/20308591001/b3/en/front/20308591001_front_a06_@2.png",
        "point": null,
        "stock": null,
        "weight": "100 g, $3.00/100g",
        "last_update": "2024-11-20",
        "storetype": "Loblaws",
        "member_price": null,
        "non_member_price": null,
        "desc_price": null,
        "temp_id": null,
        "tsv_title_brand": "'brown':7 'chip':9 'cream':4 'crispi':1 'flavour':6 'mini':2 'onion':5 'quaker':10 'rice':8 'sour':3",
        "count": 0,
        "cart": false
    },
    {
        "id": "7069383",
        "category": "Snacks, Chips & Candy",
        "storeID": "4429",
        "productID": "21520652_EA",
        "title": "Potato Chips Sea Salt",
        "brand": "Kettle",
        "regprice": null,
        "saleprice": "$2.99",
        "wasprice": "$3.99",
        "sale": "SAVE $1.00",
        "image": "https://assets.shop.loblaws.ca/products/21520652/b3/en/front/21520652_front_a06_@2.png",
        "point": null,
        "stock": null,
        "weight": "198 g, $1.51/100g",
        "last_update": "2024-11-20",
        "storetype": "Loblaws",
        "member_price": null,
        "non_member_price": null,
        "desc_price": null,
        "temp_id": null,
        "tsv_title_brand": "'chip':2 'kettl':5 'potato':1 'salt':4 'sea':3",
        "count": 0,
        "cart": false
    },
    {
        "id": "7069235",
        "category": "Snacks, Chips & Candy",
        "storeID": "4429",
        "productID": "20163708002_EA",
        "title": "Crispy Minis Original Large Brown Rice Cakes",
        "brand": "Quaker",
        "regprice": null,
        "saleprice": "$3.00",
        "wasprice": "$3.50",
        "sale": "SAVE $0.50",
        "image": "https://assets.shop.loblaws.ca/products/20163708002/b3/en/front/20163708002_front_a06_@2.png",
        "point": null,
        "stock": null,
        "weight": "127 g, $2.36/100g",
        "last_update": "2024-11-20",
        "storetype": "Loblaws",
        "member_price": null,
        "non_member_price": null,
        "desc_price": null,
        "temp_id": null,
        "tsv_title_brand": "'brown':5 'cake':7 'crispi':1 'larg':4 'mini':2 'origin':3 'quaker':8 'rice':6",
        "count": 0,
        "cart": false
    },
    {
        "id": "7069309",
        "category": "Snacks, Chips & Candy",
        "storeID": "4429",
        "productID": "21394910_EA",
        "title": "Bits & Bites Cheese Snacks, Cheddar",
        "brand": "Christie",
        "regprice": null,
        "saleprice": "$2.99",
        "wasprice": "$3.50",
        "sale": "SAVE $0.51",
        "image": "https://assets.shop.loblaws.ca/products/21394910/b3/en/front/21394910_front_a06_@2.png",
        "point": null,
        "stock": null,
        "weight": "145 g, $2.06/100g",
        "last_update": "2024-11-20",
        "storetype": "Loblaws",
        "member_price": null,
        "non_member_price": null,
        "desc_price": null,
        "temp_id": null,
        "tsv_title_brand": "'bit':1 'bite':2 'cheddar':5 'chees':3 'christi':6 'snack':4",
        "count": 0,
        "cart": false
    },
    {
        "id": "7070870",
        "category": "Snacks, Chips & Candy",
        "storeID": "4429",
        "productID": "21358304_EA",
        "title": "Crispers Ranch Crackers",
        "brand": "Christie",
        "regprice": null,
        "saleprice": "$2.99",
        "wasprice": "$3.50",
        "sale": "SAVE $0.51",
        "image": "https://assets.shop.loblaws.ca/products/21358304/b3/en/front/21358304_front_a06_@2.png",
        "point": null,
        "stock": null,
        "weight": "145 g, $2.06/100g",
        "last_update": "2024-11-20",
        "storetype": "Loblaws",
        "member_price": null,
        "non_member_price": null,
        "desc_price": null,
        "temp_id": null,
        "tsv_title_brand": "'christi':4 'cracker':3 'crisper':1 'ranch':2",
        "count": 0,
        "cart": false
    },
    {
        "id": "7069816",
        "category": "Snacks, Chips & Candy",
        "storeID": "4429",
        "productID": "21472086_EA",
        "title": "I Love You Chocolate Bar, Milk Chocolate with Hazelnuts",
        "brand": "Peace By Chocolate",
        "regprice": null,
        "saleprice": "$4.49",
        "wasprice": "$5.99",
        "sale": "SAVE $1.50",
        "image": "https://assets.shop.loblaws.ca/products/21472086/b3/en/front/21472086_front_a06_@2.png",
        "point": null,
        "stock": null,
        "weight": "92 g, $4.88/100g",
        "last_update": "2024-11-20",
        "storetype": "Loblaws",
        "member_price": null,
        "non_member_price": null,
        "desc_price": null,
        "temp_id": null,
        "tsv_title_brand": "'bar':5 'chocol':4,7,12 'hazelnut':9 'love':2 'milk':6 'peac':10",
        "count": 0,
        "cart": false
    },
    {
        "id": "7069900",
        "category": "Snacks, Chips & Candy",
        "storeID": "4429",
        "productID": "20298217_EA",
        "title": "Milk Chocolate Bar",
        "brand": "President's Choice",
        "regprice": null,
        "saleprice": "$6.49",
        "wasprice": "$7.49",
        "sale": "SAVE $1.00",
        "image": "https://assets.shop.loblaws.ca/products/20298217/b3/en/front/20298217_front_a06_@2.png",
        "point": null,
        "stock": null,
        "weight": "300 g, $2.16/100g",
        "last_update": "2024-11-20",
        "storetype": "Loblaws",
        "member_price": null,
        "non_member_price": null,
        "desc_price": null,
        "temp_id": null,
        "tsv_title_brand": "'bar':3 'chocol':2 'choic':6 'milk':1 'presid':4",
        "count": 0,
        "cart": false
    },
    {
        "id": "7069544",
        "category": "Snacks, Chips & Candy",
        "storeID": "4429",
        "productID": "21037970_EA",
        "title": "Rolled Tortilla Chips Zesty Nacho Mild",
        "brand": "Takis",
        "regprice": null,
        "saleprice": "$3.49",
        "wasprice": "$4.00",
        "sale": "SAVE $0.51",
        "image": "https://assets.shop.loblaws.ca/products/21037970/b3/en/front/21037970_front_a06_@2.png",
        "point": null,
        "stock": null,
        "weight": "280 g, $1.25/100g",
        "last_update": "2024-11-20",
        "storetype": "Loblaws",
        "member_price": null,
        "non_member_price": null,
        "desc_price": null,
        "temp_id": null,
        "tsv_title_brand": "'chip':3 'mild':6 'nacho':5 'roll':1 'taki':7 'tortilla':2 'zesti':4",
        "count": 0,
        "cart": false
    },
    {
        "id": "7069473",
        "category": "Snacks, Chips & Candy",
        "storeID": "4429",
        "productID": "21387549_EA",
        "title": "World of Flavours Nashville Hot Flavour Rippled Potato Chips",
        "brand": "President's Choice",
        "regprice": null,
        "saleprice": "$2.50",
        "wasprice": "$2.99",
        "sale": "SAVE $0.49",
        "image": "https://assets.shop.loblaws.ca/products/21387549/b3/en/front/21387549_front_a06_@2.png",
        "point": null,
        "stock": null,
        "weight": "200 g, $1.25/100g",
        "last_update": "2024-11-20",
        "storetype": "Loblaws",
        "member_price": null,
        "non_member_price": null,
        "desc_price": null,
        "temp_id": null,
        "tsv_title_brand": "'chip':9 'choic':12 'flavour':3,6 'hot':5 'nashvill':4 'potato':8 'presid':10 'rippl':7 'world':1",
        "count": 0,
        "cart": false
    },
    {
        "id": "7069541",
        "category": "Snacks, Chips & Candy",
        "storeID": "4429",
        "productID": "20163708004_EA",
        "title": "Crispy Minis White Cheddar Flavour Large Brown Rice Cakes",
        "brand": "Quaker",
        "regprice": null,
        "saleprice": "$3.00",
        "wasprice": "$3.50",
        "sale": "SAVE $0.50",
        "image": "https://assets.shop.loblaws.ca/products/20163708004/b3/en/front/20163708004_front_a06_@2.png",
        "point": null,
        "stock": null,
        "weight": "140 g, $2.14/100g",
        "last_update": "2024-11-20",
        "storetype": "Loblaws",
        "member_price": null,
        "non_member_price": null,
        "desc_price": null,
        "temp_id": null,
        "tsv_title_brand": "'brown':7 'cake':9 'cheddar':4 'crispi':1 'flavour':5 'larg':6 'mini':2 'quaker':10 'rice':8 'white':3",
        "count": 0,
        "cart": false
    },
    {
        "id": "7069860",
        "category": "Snacks, Chips & Candy",
        "storeID": "4429",
        "productID": "21459636_EA",
        "title": "Loads of Gummies & Candies Milk Chocolate Dessert Bar",
        "brand": "President's Choice",
        "regprice": null,
        "saleprice": "$2.79",
        "wasprice": "$3.99",
        "sale": "SAVE $1.20",
        "image": "https://assets.shop.loblaws.ca/products/21459636/b3/en/front/21459636_front_a06_@2.png",
        "point": null,
        "stock": null,
        "weight": "100 g, $2.79/100g",
        "last_update": "2024-11-20",
        "storetype": "Loblaws",
        "member_price": null,
        "non_member_price": null,
        "desc_price": null,
        "temp_id": null,
        "tsv_title_brand": "'bar':8 'candi':4 'chocol':6 'choic':11 'dessert':7 'gummi':3 'load':1 'milk':5 'presid':9",
        "count": 0,
        "cart": false
    },
    {
        "id": "7069907",
        "category": "Snacks, Chips & Candy",
        "storeID": "4429",
        "productID": "20582012_EA",
        "title": "Peanut Butter Cups Candy",
        "brand": "Reese's",
        "regprice": null,
        "saleprice": "$1.29",
        "wasprice": "$1.79",
        "sale": "SAVE $0.50",
        "image": "https://assets.shop.loblaws.ca/products/20582012/b3/en/front/20582012_front_a06_@2.png",
        "point": null,
        "stock": null,
        "weight": "46 g, $2.80/100g",
        "last_update": "2024-11-20",
        "storetype": "Loblaws",
        "member_price": null,
        "non_member_price": null,
        "desc_price": null,
        "temp_id": null,
        "tsv_title_brand": "'butter':2 'candi':4 'cup':3 'peanut':1 'rees':5",
        "count": 0,
        "cart": false
    },
    {
        "id": "7069867",
        "category": "Snacks, Chips & Candy",
        "storeID": "4429",
        "productID": "21529714_EA",
        "title": "KitKat Pops Milk Chocolaty Snacks Carton",
        "brand": "Nestlé",
        "regprice": null,
        "saleprice": "$2.00",
        "wasprice": "$2.49",
        "sale": "SAVE $0.49",
        "image": "https://assets.shop.loblaws.ca/products/21529714/b3/en/front/21529714_front_a06_@2.png",
        "point": null,
        "stock": null,
        "weight": "70 g, $2.86/100g",
        "last_update": "2024-11-20",
        "storetype": "Loblaws",
        "member_price": null,
        "non_member_price": null,
        "desc_price": null,
        "temp_id": null,
        "tsv_title_brand": "'carton':6 'chocolati':4 'kitkat':1 'milk':3 'nestlé':7 'pop':2 'snack':5",
        "count": 0,
        "cart": false
    },
    {
        "id": "7069538",
        "category": "Snacks, Chips & Candy",
        "storeID": "4429",
        "productID": "21520665_EA",
        "title": "Potato Chips Cheddar",
        "brand": "Kettle",
        "regprice": null,
        "saleprice": "$2.99",
        "wasprice": "$3.99",
        "sale": "SAVE $1.00",
        "image": "https://assets.shop.loblaws.ca/products/21520665/b3/en/front/21520665_front_a06_@2.png",
        "point": null,
        "stock": null,
        "weight": "198 g, $1.51/100g",
        "last_update": "2024-11-20",
        "storetype": "Loblaws",
        "member_price": null,
        "non_member_price": null,
        "desc_price": null,
        "temp_id": null,
        "tsv_title_brand": "'cheddar':3 'chip':2 'kettl':4 'potato':1",
        "count": 0,
        "cart": false
    },
    {
        "id": "7069863",
        "category": "Snacks, Chips & Candy",
        "storeID": "4429",
        "productID": "21013905_EA",
        "title": "Milk Chocolate with Almonds",
        "brand": "President's Choice",
        "regprice": null,
        "saleprice": "$2.79",
        "wasprice": "$3.99",
        "sale": "SAVE $1.20",
        "image": "https://assets.shop.loblaws.ca/products/21013905/b3/en/front/21013905_front_a06_@2.png",
        "point": null,
        "stock": null,
        "weight": "100 g, $2.79/100g",
        "last_update": "2024-11-20",
        "storetype": "Loblaws",
        "member_price": null,
        "non_member_price": null,
        "desc_price": null,
        "temp_id": null,
        "tsv_title_brand": "'almond':4 'chocol':2 'choic':7 'milk':1 'presid':5",
        "count": 0,
        "cart": false
    },
    {
        "id": "7069899",
        "category": "Snacks, Chips & Candy",
        "storeID": "4429",
        "productID": "20581797_EA",
        "title": "Chocolatey Full Size Candy Bar",
        "brand": "Oh Henry!",
        "regprice": null,
        "saleprice": "$1.29",
        "wasprice": "$1.79",
        "sale": "SAVE $0.50",
        "image": "https://assets.shop.loblaws.ca/products/20581797/b3/en/front/20581797_front_a06_@2.png",
        "point": null,
        "stock": null,
        "weight": "58 g, $2.22/100g",
        "last_update": "2024-11-20",
        "storetype": "Loblaws",
        "member_price": null,
        "non_member_price": null,
        "desc_price": null,
        "temp_id": null,
        "tsv_title_brand": "'bar':5 'candi':4 'chocolatey':1 'full':2 'henri':7 'oh':6 'size':3",
        "count": 0,
        "cart": false
    },
    {
        "id": "7069952",
        "category": "Snacks, Chips & Candy",
        "storeID": "4429",
        "productID": "21459476_EA",
        "title": "Loads of Berries and Cherries White Chocolate Dessert Bar",
        "brand": "President's Choice",
        "regprice": null,
        "saleprice": "$2.79",
        "wasprice": "$3.99",
        "sale": "SAVE $1.20",
        "image": "https://assets.shop.loblaws.ca/products/21459476/b3/en/front/21459476_front_a06_@2.png",
        "point": null,
        "stock": null,
        "weight": "100 g, $2.79/100g",
        "last_update": "2024-11-20",
        "storetype": "Loblaws",
        "member_price": null,
        "non_member_price": null,
        "desc_price": null,
        "temp_id": null,
        "tsv_title_brand": "'bar':9 'berri':3 'cherri':5 'chocol':7 'choic':12 'dessert':8 'load':1 'presid':10 'white':6",
        "count": 0,
        "cart": false
    },
    {
        "id": "7070762",
        "category": "Snacks, Chips & Candy",
        "storeID": "4429",
        "productID": "21588677_EA",
        "title": "OREO Thins, Original Chocolate Sandwich Cookie",
        "brand": "Christie",
        "regprice": null,
        "saleprice": "$3.49",
        "wasprice": "$4.00",
        "sale": "SAVE $0.51",
        "image": "https://assets.shop.loblaws.ca/products/21588677/b3/en/front/21588677_front_a06_@2.png",
        "point": null,
        "stock": null,
        "weight": "261 g, $1.34/100g",
        "last_update": "2024-11-20",
        "storetype": "Loblaws",
        "member_price": null,
        "non_member_price": null,
        "desc_price": null,
        "temp_id": null,
        "tsv_title_brand": "'chocol':4 'christi':7 'cooki':6 'oreo':1 'origin':3 'sandwich':5 'thin':2",
        "count": 0,
        "cart": false
    },
    {
        "id": "7070956",
        "category": "Snacks, Chips & Candy",
        "storeID": "4429",
        "productID": "21358408_EA",
        "title": "Oreo Double Stuf Golden Cookies",
        "brand": "Christie",
        "regprice": null,
        "saleprice": "$3.49",
        "wasprice": "$4.00",
        "sale": "SAVE $0.51",
        "image": "https://assets.shop.loblaws.ca/products/21358408/b3/en/front/21358408_front_a06_@2.png",
        "point": null,
        "stock": null,
        "weight": "261 g, $1.34/100g",
        "last_update": "2024-11-20",
        "storetype": "Loblaws",
        "member_price": null,
        "non_member_price": null,
        "desc_price": null,
        "temp_id": null,
        "tsv_title_brand": "'christi':6 'cooki':5 'doubl':2 'golden':4 'oreo':1 'stuf':3",
        "count": 0,
        "cart": false
    },
    {
        "id": "7070961",
        "category": "Snacks, Chips & Candy",
        "storeID": "4429",
        "productID": "21358226_EA",
        "title": "Crispers Cheddar Crackers",
        "brand": "Christie",
        "regprice": null,
        "saleprice": "$2.99",
        "wasprice": "$3.50",
        "sale": "SAVE $0.51",
        "image": "https://assets.shop.loblaws.ca/products/21358226/b3/en/front/21358226_front_a06_@2.png",
        "point": null,
        "stock": null,
        "weight": "145 g, $2.06/100g",
        "last_update": "2024-11-20",
        "storetype": "Loblaws",
        "member_price": null,
        "non_member_price": null,
        "desc_price": null,
        "temp_id": null,
        "tsv_title_brand": "'cheddar':2 'christi':4 'cracker':3 'crisper':1",
        "count": 0,
        "cart": false
    },
    {
        "id": "7069858",
        "category": "Snacks, Chips & Candy",
        "storeID": "4429",
        "productID": "20024823_EA",
        "title": "Milk Chocolate",
        "brand": "President's Choice",
        "regprice": null,
        "saleprice": "$2.79",
        "wasprice": "$3.99",
        "sale": "SAVE $1.20",
        "image": "https://assets.shop.loblaws.ca/products/20024823/b3/en/front/20024823_front_a06_@2.png",
        "point": null,
        "stock": null,
        "weight": "100 g, $2.79/100g",
        "last_update": "2024-11-20",
        "storetype": "Loblaws",
        "member_price": null,
        "non_member_price": null,
        "desc_price": null,
        "temp_id": null,
        "tsv_title_brand": "'chocol':2 'choic':5 'milk':1 'presid':3",
        "count": 0,
        "cart": false
    },
    {
        "id": "7070053",
        "category": "Snacks, Chips & Candy",
        "storeID": "4429",
        "productID": "21390393_EA",
        "title": "LINDOR 70% Cacao Dark Chocolate Truffles, Bag",
        "brand": "Lindt",
        "regprice": null,
        "saleprice": "$7.99",
        "wasprice": "$8.99",
        "sale": "SAVE $1.00",
        "image": "https://assets.shop.loblaws.ca/products/21390393/b3/en/front/21390393_front_a06_@2.png",
        "point": null,
        "stock": null,
        "weight": "150 g, $5.33/100g",
        "last_update": "2024-11-20",
        "storetype": "Loblaws",
        "member_price": null,
        "non_member_price": null,
        "desc_price": null,
        "temp_id": null,
        "tsv_title_brand": "'70':2 'bag':7 'cacao':3 'chocol':5 'dark':4 'lindor':1 'lindt':8 'truffl':6",
        "count": 0,
        "cart": false
    },
    {
        "id": "7069960",
        "category": "Snacks, Chips & Candy",
        "storeID": "4429",
        "productID": "21459513_EA",
        "title": "Loads of Movie Night Milk Chocolate Dessert Bar",
        "brand": "President's Choice",
        "regprice": null,
        "saleprice": "$2.79",
        "wasprice": "$3.99",
        "sale": "SAVE $1.20",
        "image": "https://assets.shop.loblaws.ca/products/21459513/b3/en/front/21459513_front_a06_@2.png",
        "point": null,
        "stock": null,
        "weight": "100 g, $2.79/100g",
        "last_update": "2024-11-20",
        "storetype": "Loblaws",
        "member_price": null,
        "non_member_price": null,
        "desc_price": null,
        "temp_id": null,
        "tsv_title_brand": "'bar':8 'chocol':6 'choic':11 'dessert':7 'load':1 'milk':5 'movi':3 'night':4 'presid':9",
        "count": 0,
        "cart": false
    },
    {
        "id": "7069963",
        "category": "Snacks, Chips & Candy",
        "storeID": "4429",
        "productID": "20581576_EA",
        "title": "Peanut Butter Candy Bar",
        "brand": "Oh Henry!",
        "regprice": null,
        "saleprice": "$1.29",
        "wasprice": "$1.79",
        "sale": "SAVE $0.50",
        "image": "https://assets.shop.loblaws.ca/products/20581576/b3/en/front/20581576_front_a06_@2.png",
        "point": null,
        "stock": null,
        "weight": "58 g, $2.22/100g",
        "last_update": "2024-11-20",
        "storetype": "Loblaws",
        "member_price": null,
        "non_member_price": null,
        "desc_price": null,
        "temp_id": null,
        "tsv_title_brand": "'bar':4 'butter':2 'candi':3 'henri':6 'oh':5 'peanut':1",
        "count": 0,
        "cart": false
    },
    {
        "id": "7070241",
        "category": "Snacks, Chips & Candy",
        "storeID": "4429",
        "productID": "20687591001_EA",
        "title": "Creamy Milk Chocolate With Whole Almonds, Full Size Bar",
        "brand": "Hershey's",
        "regprice": null,
        "saleprice": "$1.29",
        "wasprice": "$1.79",
        "sale": "SAVE $0.50",
        "image": "https://assets.shop.loblaws.ca/products/20687591001/b3/en/front/20687591001_front_a06_@2.png",
        "point": null,
        "stock": null,
        "weight": "43 g, $3.00/100g",
        "last_update": "2024-11-20",
        "storetype": "Loblaws",
        "member_price": null,
        "non_member_price": null,
        "desc_price": null,
        "temp_id": null,
        "tsv_title_brand": "'almond':6 'bar':9 'chocol':3 'creami':1 'full':7 'hershey':10 'milk':2 'size':8 'whole':5",
        "count": 0,
        "cart": false
    },
    {
        "id": "7070252",
        "category": "Snacks, Chips & Candy",
        "storeID": "4429",
        "productID": "21390363_EA",
        "title": "Lindor Assorted Chocolates with Delectably Smooth Centres",
        "brand": "Lindt",
        "regprice": null,
        "saleprice": "$7.99",
        "wasprice": "$8.99",
        "sale": "SAVE $1.00",
        "image": "https://assets.shop.loblaws.ca/products/21390363/b3/en/front/21390363_front_a06_@2.png",
        "point": null,
        "stock": null,
        "weight": "150 g, $5.33/100g",
        "last_update": "2024-11-20",
        "storetype": "Loblaws",
        "member_price": null,
        "non_member_price": null,
        "desc_price": null,
        "temp_id": null,
        "tsv_title_brand": "'assort':2 'centr':7 'chocol':3 'delect':5 'lindor':1 'lindt':8 'smooth':6",
        "count": 0,
        "cart": false
    },
    {
        "id": "7070247",
        "category": "Snacks, Chips & Candy",
        "storeID": "4429",
        "productID": "20691451_EA",
        "title": "Big Cup",
        "brand": "Reese's",
        "regprice": null,
        "saleprice": "$2.49",
        "wasprice": "$2.79",
        "sale": "SAVE $0.30",
        "image": "https://assets.shop.loblaws.ca/products/20691451/b3/en/front/20691451_front_a06_@2.png",
        "point": null,
        "stock": null,
        "weight": "79 g, $0.03/1ea",
        "last_update": "2024-11-20",
        "storetype": "Loblaws",
        "member_price": null,
        "non_member_price": null,
        "desc_price": null,
        "temp_id": null,
        "tsv_title_brand": "'big':1 'cup':2 'rees':3",
        "count": 0,
        "cart": false
    },
    {
        "id": "7070342",
        "category": "Snacks, Chips & Candy",
        "storeID": "4429",
        "productID": "21459479_EA",
        "title": "Loads of Birthday Cake White Chocolate Dessert Bar",
        "brand": "President's Choice",
        "regprice": null,
        "saleprice": "$2.79",
        "wasprice": "$3.99",
        "sale": "SAVE $1.20",
        "image": "https://assets.shop.loblaws.ca/products/21459479/b3/en/front/21459479_front_a06_@2.png",
        "point": null,
        "stock": null,
        "weight": "100 g, $2.79/100g",
        "last_update": "2024-11-20",
        "storetype": "Loblaws",
        "member_price": null,
        "non_member_price": null,
        "desc_price": null,
        "temp_id": null,
        "tsv_title_brand": "'bar':8 'birthday':3 'cake':4 'chocol':6 'choic':11 'dessert':7 'load':1 'presid':9 'white':5",
        "count": 0,
        "cart": false
    },
    {
        "id": "7070347",
        "category": "Snacks, Chips & Candy",
        "storeID": "4429",
        "productID": "21472117_EA",
        "title": "Happy Birthday Chocolate Bar, Milk Chocolate with Hazelnuts",
        "brand": "Peace By Chocolate",
        "regprice": null,
        "saleprice": "$4.49",
        "wasprice": "$5.99",
        "sale": "SAVE $1.50",
        "image": "https://assets.shop.loblaws.ca/products/21472117/b3/en/front/21472117_front_a06_@2.png",
        "point": null,
        "stock": null,
        "weight": "92 g, $4.88/100g",
        "last_update": "2024-11-20",
        "storetype": "Loblaws",
        "member_price": null,
        "non_member_price": null,
        "desc_price": null,
        "temp_id": null,
        "tsv_title_brand": "'bar':4 'birthday':2 'chocol':3,6,11 'happi':1 'hazelnut':8 'milk':5 'peac':9",
        "count": 0,
        "cart": false
    },
    {
        "id": "7070238",
        "category": "Snacks, Chips & Candy",
        "storeID": "4429",
        "productID": "21529752_EA",
        "title": "Coffee Crisp Pops Chocolaty Snacks Carton",
        "brand": "Nestlé",
        "regprice": null,
        "saleprice": "$2.00",
        "wasprice": "$2.49",
        "sale": "SAVE $0.49",
        "image": "https://assets.shop.loblaws.ca/products/21529752/b3/en/front/21529752_front_a06_@2.png",
        "point": null,
        "stock": null,
        "weight": "70 g, $2.86/100g",
        "last_update": "2024-11-20",
        "storetype": "Loblaws",
        "member_price": null,
        "non_member_price": null,
        "desc_price": null,
        "temp_id": null,
        "tsv_title_brand": "'carton':6 'chocolati':4 'coffe':1 'crisp':2 'nestlé':7 'pop':3 'snack':5",
        "count": 0,
        "cart": false
    },
    {
        "id": "7070248",
        "category": "Snacks, Chips & Candy",
        "storeID": "4429",
        "productID": "20014331_EA",
        "title": "Milk Chocolate Bar With Hazelnuts",
        "brand": "President's Choice",
        "regprice": null,
        "saleprice": "$6.49",
        "wasprice": "$7.49",
        "sale": "SAVE $1.00",
        "image": "https://assets.shop.loblaws.ca/products/20014331/b3/en/front/20014331_front_a06_@2.png",
        "point": null,
        "stock": null,
        "weight": "300 g, $2.16/100g",
        "last_update": "2024-11-20",
        "storetype": "Loblaws",
        "member_price": null,
        "non_member_price": null,
        "desc_price": null,
        "temp_id": null,
        "tsv_title_brand": "'bar':3 'chocol':2 'choic':8 'hazelnut':5 'milk':1 'presid':6",
        "count": 0,
        "cart": false
    },
    {
        "id": "7070346",
        "category": "Snacks, Chips & Candy",
        "storeID": "4429",
        "productID": "20321579_EA",
        "title": "Dark Chocolate 85% Cocoa Solids",
        "brand": "President's Choice",
        "regprice": null,
        "saleprice": "$2.79",
        "wasprice": "$3.99",
        "sale": "SAVE $1.20",
        "image": "https://assets.shop.loblaws.ca/products/20321579/b3/en/front/20321579_front_a06_@2.png",
        "point": null,
        "stock": null,
        "weight": "100 g, $2.79/100g",
        "last_update": "2024-11-20",
        "storetype": "Loblaws",
        "member_price": null,
        "non_member_price": null,
        "desc_price": null,
        "temp_id": null,
        "tsv_title_brand": "'85':3 'chocol':2 'choic':8 'cocoa':4 'dark':1 'presid':6 'solid':5",
        "count": 0,
        "cart": false
    },
    {
        "id": "7070439",
        "category": "Snacks, Chips & Candy",
        "storeID": "4429",
        "productID": "21510872_EA",
        "title": "Big Cup Candy With Reese's Puffs",
        "brand": "Reese's",
        "regprice": null,
        "saleprice": "$1.29",
        "wasprice": "$1.79",
        "sale": "SAVE $0.50",
        "image": "https://assets.shop.loblaws.ca/products/21510872/b3/en/front/21510872_front_a06_@2.png",
        "point": null,
        "stock": null,
        "weight": "34 g, $3.79/100g",
        "last_update": "2024-11-20",
        "storetype": "Loblaws",
        "member_price": null,
        "non_member_price": null,
        "desc_price": null,
        "temp_id": null,
        "tsv_title_brand": "'big':1 'candi':3 'cup':2 'puff':7 'rees':5,8",
        "count": 0,
        "cart": false
    },
    {
        "id": "7070482",
        "category": "Snacks, Chips & Candy",
        "storeID": "4429",
        "productID": "21000285_EA",
        "title": "Peanut Butter Cups Candy King Size",
        "brand": "Reese's",
        "regprice": null,
        "saleprice": "$2.49",
        "wasprice": "$2.79",
        "sale": "SAVE $0.30",
        "image": "https://assets.shop.loblaws.ca/products/21000285/b3/en/front/21000285_front_a06_@2.png",
        "point": null,
        "stock": null,
        "weight": "79 g, $3.15/100g",
        "last_update": "2024-11-20",
        "storetype": "Loblaws",
        "member_price": null,
        "non_member_price": null,
        "desc_price": null,
        "temp_id": null,
        "tsv_title_brand": "'butter':2 'candi':4 'cup':3 'king':5 'peanut':1 'rees':7 'size':6",
        "count": 0,
        "cart": false
    },
    {
        "id": "7070530",
        "category": "Snacks, Chips & Candy",
        "storeID": "4429",
        "productID": "21459684_EA",
        "title": "World of Flavours Pineapple, Banana & Passionfruit Flavour Dark Chocolate Dessert Bar",
        "brand": "President's Choice",
        "regprice": null,
        "saleprice": "$2.79",
        "wasprice": "$3.99",
        "sale": "SAVE $1.20",
        "image": "https://assets.shop.loblaws.ca/products/21459684/b3/en/front/21459684_front_a06_@2.png",
        "point": null,
        "stock": null,
        "weight": "100 g, $2.79/100g",
        "last_update": "2024-11-20",
        "storetype": "Loblaws",
        "member_price": null,
        "non_member_price": null,
        "desc_price": null,
        "temp_id": null,
        "tsv_title_brand": "'banana':5 'bar':11 'chocol':9 'choic':14 'dark':8 'dessert':10 'flavour':3,7 'passionfruit':6 'pineappl':4 'presid':12 'world':1",
        "count": 0,
        "cart": false
    },
    {
        "id": "7070535",
        "category": "Snacks, Chips & Candy",
        "storeID": "4429",
        "productID": "21396227_EA",
        "title": "Big Cup Stuffed With Puffs",
        "brand": "Reese's",
        "regprice": null,
        "saleprice": "$2.49",
        "wasprice": "$2.79",
        "sale": "SAVE $0.30",
        "image": "https://assets.shop.loblaws.ca/products/21396227/b3/en/front/21396227_front_a06_@2.png",
        "point": null,
        "stock": null,
        "weight": "73 g, $3.41/100g",
        "last_update": "2024-11-20",
        "storetype": "Loblaws",
        "member_price": null,
        "non_member_price": null,
        "desc_price": null,
        "temp_id": null,
        "tsv_title_brand": "'big':1 'cup':2 'puff':5 'rees':6 'stuf':3",
        "count": 0,
        "cart": false
    },
    {
        "id": "7070565",
        "category": "Snacks, Chips & Candy",
        "storeID": "4429",
        "productID": "21390372_EA",
        "title": "LINDOR White Chocolate Truffles, Bag",
        "brand": "Lindt",
        "regprice": null,
        "saleprice": "$7.99",
        "wasprice": "$8.99",
        "sale": "SAVE $1.00",
        "image": "https://assets.shop.loblaws.ca/products/21390372/b3/en/front/21390372_front_a06_@2.png",
        "point": null,
        "stock": null,
        "weight": "150 g, $5.33/100g",
        "last_update": "2024-11-20",
        "storetype": "Loblaws",
        "member_price": null,
        "non_member_price": null,
        "desc_price": null,
        "temp_id": null,
        "tsv_title_brand": "'bag':5 'chocol':3 'lindor':1 'lindt':6 'truffl':4 'white':2",
        "count": 0,
        "cart": false
    },
    {
        "id": "7070426",
        "category": "Snacks, Chips & Candy",
        "storeID": "4429",
        "productID": "21195691_EA",
        "title": "Dark Chocolate Bar with Sea Salt",
        "brand": "President's Choice",
        "regprice": null,
        "saleprice": "$2.79",
        "wasprice": "$3.99",
        "sale": "SAVE $1.20",
        "image": "https://assets.shop.loblaws.ca/products/21195691/b3/en/front/21195691_front_a06_@2.png",
        "point": null,
        "stock": null,
        "weight": "100 g, $2.79/100g",
        "last_update": "2024-11-20",
        "storetype": "Loblaws",
        "member_price": null,
        "non_member_price": null,
        "desc_price": null,
        "temp_id": null,
        "tsv_title_brand": "'bar':3 'chocol':2 'choic':9 'dark':1 'presid':7 'salt':6 'sea':5",
        "count": 0,
        "cart": false
    },
    {
        "id": "7070487",
        "category": "Snacks, Chips & Candy",
        "storeID": "4429",
        "productID": "20687591005_EA",
        "title": "Mix COOKIES 'N' CRÈME candy",
        "brand": "Hershey's",
        "regprice": null,
        "saleprice": "$1.29",
        "wasprice": "$1.79",
        "sale": "SAVE $0.50",
        "image": "https://assets.shop.loblaws.ca/products/20687591005/b3/en/front/20687591005_front_a06_@2.png",
        "point": null,
        "stock": null,
        "weight": "43 g, $3.00/100g",
        "last_update": "2024-11-20",
        "storetype": "Loblaws",
        "member_price": null,
        "non_member_price": null,
        "desc_price": null,
        "temp_id": null,
        "tsv_title_brand": "'candi':5 'cooki':2 'crème':4 'hershey':6 'mix':1 'n':3",
        "count": 0,
        "cart": false
    },
    {
        "id": "7070434",
        "category": "Snacks, Chips & Candy",
        "storeID": "4429",
        "productID": "21393762_EA",
        "title": "Dark Chocolate Bar 85% Cocoa Solids",
        "brand": "President's Choice",
        "regprice": null,
        "saleprice": "$6.49",
        "wasprice": "$7.49",
        "sale": "SAVE $1.00",
        "image": "https://assets.shop.loblaws.ca/products/21393762/b3/en/front/21393762_front_a06_@2.png",
        "point": null,
        "stock": null,
        "weight": "300 g, $2.16/100g",
        "last_update": "2024-11-20",
        "storetype": "Loblaws",
        "member_price": null,
        "non_member_price": null,
        "desc_price": null,
        "temp_id": null,
        "tsv_title_brand": "'85':4 'bar':3 'chocol':2 'choic':9 'cocoa':5 'dark':1 'presid':7 'solid':6",
        "count": 0,
        "cart": false
    },
    {
        "id": "7070495",
        "category": "Snacks, Chips & Candy",
        "storeID": "4429",
        "productID": "21571776_EA",
        "title": "Chocolate Candies Peanut Family Size",
        "brand": "M&M's",
        "regprice": null,
        "saleprice": "$8.99",
        "wasprice": "$11.99",
        "sale": "SAVE $3.00",
        "image": "https://assets.shop.loblaws.ca/products/21571776/b3/en/front/21571776_front_a06_@2.png",
        "point": null,
        "stock": null,
        "weight": "345 g, $2.61/100g",
        "last_update": "2024-11-20",
        "storetype": "Loblaws",
        "member_price": null,
        "non_member_price": null,
        "desc_price": null,
        "temp_id": null,
        "tsv_title_brand": "'candi':2 'chocol':1 'famili':4 'm':6,7 'peanut':3 'size':5",
        "count": 0,
        "cart": false
    },
    {
        "id": "7070537",
        "category": "Snacks, Chips & Candy",
        "storeID": "4429",
        "productID": "21459646_EA",
        "title": "Loads of Fruit and Nuts Milk Chocolate Dessert Bar",
        "brand": "President's Choice",
        "regprice": null,
        "saleprice": "$2.79",
        "wasprice": "$3.99",
        "sale": "SAVE $1.20",
        "image": "https://assets.shop.loblaws.ca/products/21459646/b3/en/front/21459646_front_a06_@2.png",
        "point": null,
        "stock": null,
        "weight": "100 g, $2.79/100g",
        "last_update": "2024-11-20",
        "storetype": "Loblaws",
        "member_price": null,
        "non_member_price": null,
        "desc_price": null,
        "temp_id": null,
        "tsv_title_brand": "'bar':9 'chocol':7 'choic':12 'dessert':8 'fruit':3 'load':1 'milk':6 'nut':5 'presid':10",
        "count": 0,
        "cart": false
    },
    {
        "id": "7070744",
        "category": "Snacks, Chips & Candy",
        "storeID": "4429",
        "productID": "21358407_EA",
        "title": "OREO Original Chocolate Sandwich Cookies",
        "brand": "Christie",
        "regprice": null,
        "saleprice": "$3.49",
        "wasprice": "$4.00",
        "sale": "SAVE $0.51",
        "image": "https://assets.shop.loblaws.ca/products/21358407/b3/en/front/21358407_front_a06_@2.png",
        "point": null,
        "stock": null,
        "weight": "270 g, $1.29/100g",
        "last_update": "2024-11-20",
        "storetype": "Loblaws",
        "member_price": null,
        "non_member_price": null,
        "desc_price": null,
        "temp_id": null,
        "tsv_title_brand": "'chocol':3 'christi':6 'cooki':5 'oreo':1 'origin':2 'sandwich':4",
        "count": 0,
        "cart": false
    },
    {
        "id": "7070745",
        "category": "Snacks, Chips & Candy",
        "storeID": "4429",
        "productID": "21358333_EA",
        "title": "Crispers, All Dressed Crackers, Baked Snacks",
        "brand": "Christie",
        "regprice": null,
        "saleprice": "$2.99",
        "wasprice": "$3.50",
        "sale": "SAVE $0.51",
        "image": "https://assets.shop.loblaws.ca/products/21358333/b3/en/front/21358333_front_a06_@2.png",
        "point": null,
        "stock": null,
        "weight": "145 g, $2.06/100g",
        "last_update": "2024-11-20",
        "storetype": "Loblaws",
        "member_price": null,
        "non_member_price": null,
        "desc_price": null,
        "temp_id": null,
        "tsv_title_brand": "'bake':5 'christi':7 'cracker':4 'crisper':1 'dress':3 'snack':6",
        "count": 0,
        "cart": false
    },
    {
        "id": "7070741",
        "category": "Snacks, Chips & Candy",
        "storeID": "4429",
        "productID": "20297188003_EA",
        "title": "Original Rice Crackers",
        "brand": "No Name",
        "regprice": null,
        "saleprice": "$1.00",
        "wasprice": "$1.99",
        "sale": "SAVE $0.99",
        "image": "https://assets.shop.loblaws.ca/products/20297188003/b3/en/front/20297188003_front_a06_@2.png",
        "point": null,
        "stock": null,
        "weight": "100 g, $1.00/100g",
        "last_update": "2024-11-20",
        "storetype": "Loblaws",
        "member_price": null,
        "non_member_price": null,
        "desc_price": null,
        "temp_id": null,
        "tsv_title_brand": "'cracker':3 'name':5 'origin':1 'rice':2",
        "count": 0,
        "cart": false
    },
    {
        "id": "7070965",
        "category": "Snacks, Chips & Candy",
        "storeID": "4429",
        "productID": "21358273_EA",
        "title": "Crispers Salt and Vinegar Crackers, Baked Snacks",
        "brand": "Christie",
        "regprice": null,
        "saleprice": "$2.99",
        "wasprice": "$3.50",
        "sale": "SAVE $0.51",
        "image": "https://assets.shop.loblaws.ca/products/21358273/b3/en/front/21358273_front_a06_@2.png",
        "point": null,
        "stock": null,
        "weight": "145 g, $2.06/100g",
        "last_update": "2024-11-20",
        "storetype": "Loblaws",
        "member_price": null,
        "non_member_price": null,
        "desc_price": null,
        "temp_id": null,
        "tsv_title_brand": "'bake':6 'christi':8 'cracker':5 'crisper':1 'salt':2 'snack':7 'vinegar':4",
        "count": 0,
        "cart": false
    },
    {
        "id": "7070874",
        "category": "Snacks, Chips & Candy",
        "storeID": "4429",
        "productID": "21585063_EA",
        "title": "OREO Thins, Golden Sandwich Cookies",
        "brand": "Christie",
        "regprice": null,
        "saleprice": "$3.49",
        "wasprice": "$4.00",
        "sale": "SAVE $0.51",
        "image": "https://assets.shop.loblaws.ca/products/21585063/b3/en/front/21585063_front_a06_@2.png",
        "point": null,
        "stock": null,
        "weight": "261 g, $1.34/100g",
        "last_update": "2024-11-20",
        "storetype": "Loblaws",
        "member_price": null,
        "non_member_price": null,
        "desc_price": null,
        "temp_id": null,
        "tsv_title_brand": "'christi':6 'cooki':5 'golden':3 'oreo':1 'sandwich':4 'thin':2",
        "count": 0,
        "cart": false
    },
    {
        "id": "7070743",
        "category": "Snacks, Chips & Candy",
        "storeID": "4429",
        "productID": "21361508_EA",
        "title": "CHIPS AHOY! Original Cookies, Chocolate Chip",
        "brand": "Christie",
        "regprice": null,
        "saleprice": "$3.49",
        "wasprice": "$4.00",
        "sale": "SAVE $0.51",
        "image": "https://assets.shop.loblaws.ca/products/21361508/b3/en/front/21361508_front_a06_@2.png",
        "point": null,
        "stock": null,
        "weight": "258 g, $1.35/100g",
        "last_update": "2024-11-20",
        "storetype": "Loblaws",
        "member_price": null,
        "non_member_price": null,
        "desc_price": null,
        "temp_id": null,
        "tsv_title_brand": "'ahoy':2 'chip':1,6 'chocol':5 'christi':7 'cooki':4 'origin':3",
        "count": 0,
        "cart": false
    },
    {
        "id": "7067921",
        "category": "International Foods",
        "storeID": "4429",
        "productID": "21023105_EA",
        "title": "Good Day Cashew Cookies",
        "brand": "Britannia",
        "regprice": null,
        "saleprice": "$3.00",
        "wasprice": "$3.29",
        "sale": "SAVE $0.29",
        "image": "https://assets.shop.loblaws.ca/products/21023105/b3/en/front/21023105_front_a06_@2.png",
        "point": null,
        "stock": null,
        "weight": "231 g, $1.30/100g",
        "last_update": "2024-11-20",
        "storetype": "Loblaws",
        "member_price": null,
        "non_member_price": null,
        "desc_price": null,
        "temp_id": null,
        "tsv_title_brand": "'britannia':5 'cashew':3 'cooki':4 'day':2 'good':1",
        "count": 0,
        "cart": false
    },
    {
        "id": "7070927",
        "category": "Snacks, Chips & Candy",
        "storeID": "4429",
        "productID": "21109001_EA",
        "title": "Premium Plus Unsalted Crackers",
        "brand": "Christie",
        "regprice": null,
        "saleprice": "$4.99",
        "wasprice": "$5.99",
        "sale": "SAVE $1.00",
        "image": "https://assets.shop.loblaws.ca/products/21109001/b3/en/front/21109001_front_a06_@2.png",
        "point": null,
        "stock": null,
        "weight": "450 g, $1.11/100g",
        "last_update": "2024-11-20",
        "storetype": "Loblaws",
        "member_price": "Prepared in Canada",
        "non_member_price": null,
        "desc_price": null,
        "temp_id": null,
        "tsv_title_brand": "'christi':5 'cracker':4 'plus':2 'premium':1 'unsalt':3",
        "count": 0,
        "cart": false
    },
    {
        "id": "7070747",
        "category": "Snacks, Chips & Candy",
        "storeID": "4429",
        "productID": "21080779_EA",
        "title": "Bear Paws Banana Bread Cookies",
        "brand": "Dare",
        "regprice": null,
        "saleprice": "$3.00",
        "wasprice": "$3.50",
        "sale": "SAVE $0.50",
        "image": "https://assets.shop.loblaws.ca/products/21080779/b3/en/front/21080779_front_a06_@2.png",
        "point": null,
        "stock": null,
        "weight": "240 g, $1.25/100g",
        "last_update": "2024-11-20",
        "storetype": "Loblaws",
        "member_price": "Prepared in Canada",
        "non_member_price": null,
        "desc_price": null,
        "temp_id": null,
        "tsv_title_brand": "'banana':3 'bear':1 'bread':4 'cooki':5 'dare':6 'paw':2",
        "count": 0,
        "cart": false
    },
    {
        "id": "7071075",
        "category": "Frozen Food",
        "storeID": "4429",
        "productID": "21102725_EA",
        "title": "Hawaiian Thin and Crispy Pizza",
        "brand": "President's Choice",
        "regprice": null,
        "saleprice": "$4.00",
        "wasprice": "$5.00",
        "sale": "SAVE $1.00",
        "image": "https://assets.shop.loblaws.ca/products/21102725/b3/en/front/21102725_front_a06_@2.png",
        "point": null,
        "stock": null,
        "weight": "380 g, $1.05/100g",
        "last_update": "2024-11-20",
        "storetype": "Loblaws",
        "member_price": null,
        "non_member_price": null,
        "desc_price": null,
        "temp_id": null,
        "tsv_title_brand": "'choic':8 'crispi':4 'hawaiian':1 'pizza':5 'presid':6 'thin':2",
        "count": 0,
        "cart": false
    },
    {
        "id": "7071705",
        "category": "Frozen Food",
        "storeID": "4429",
        "productID": "21623331_EA",
        "title": "Back Bacon & Egg Breakfast Sandwiches, 2 per pack",
        "brand": "Schneider",
        "regprice": null,
        "saleprice": "$5.00",
        "wasprice": "$6.99",
        "sale": "SAVE $1.99",
        "image": "https://assets.shop.loblaws.ca/products/21623331/b3/en/front/21623331_front_a06_@2.png",
        "point": null,
        "stock": null,
        "weight": "252 g, $1.98/100g",
        "last_update": "2024-11-20",
        "storetype": "Loblaws",
        "member_price": null,
        "non_member_price": null,
        "desc_price": null,
        "temp_id": null,
        "tsv_title_brand": "'2':6 'back':1 'bacon':2 'breakfast':4 'egg':3 'pack':8 'per':7 'sandwich':5 'schneider':9",
        "count": 0,
        "cart": false
    },
    {
        "id": "7070919",
        "category": "Snacks, Chips & Candy",
        "storeID": "4429",
        "productID": "21358838_EA",
        "title": "OREO, Birthday Cake Chocolate Sandwich Cookies",
        "brand": "Christie",
        "regprice": null,
        "saleprice": "$3.49",
        "wasprice": "$4.00",
        "sale": "SAVE $0.51",
        "image": "https://assets.shop.loblaws.ca/products/21358838/b3/en/front/21358838_front_a06_@2.png",
        "point": null,
        "stock": null,
        "weight": "261 g, $1.34/100g",
        "last_update": "2024-11-20",
        "storetype": "Loblaws",
        "member_price": null,
        "non_member_price": null,
        "desc_price": null,
        "temp_id": null,
        "tsv_title_brand": "'birthday':2 'cake':3 'chocol':4 'christi':7 'cooki':6 'oreo':1 'sandwich':5",
        "count": 0,
        "cart": false
    },
    {
        "id": "7071071",
        "category": "Frozen Food",
        "storeID": "4429",
        "productID": "21103674_EA",
        "title": "Flatbread, Squash, Kale & Beet",
        "brand": "President's Choice",
        "regprice": null,
        "saleprice": "$4.00",
        "wasprice": "$5.00",
        "sale": "SAVE $1.00",
        "image": "https://assets.shop.loblaws.ca/products/21103674/b3/en/front/21103674_front_a06_@2.png",
        "point": null,
        "stock": null,
        "weight": "343 g, $1.17/100g",
        "last_update": "2024-11-20",
        "storetype": "Loblaws",
        "member_price": null,
        "non_member_price": null,
        "desc_price": null,
        "temp_id": null,
        "tsv_title_brand": "'beet':4 'choic':7 'flatbread':1 'kale':3 'presid':5 'squash':2",
        "count": 0,
        "cart": false
    },
    {
        "id": "7071067",
        "category": "Frozen Food",
        "storeID": "4429",
        "productID": "21305188_EA",
        "title": "Sweet With Heat™ Pepperoni Flatbread",
        "brand": "President's Choice",
        "regprice": null,
        "saleprice": "$4.00",
        "wasprice": "$5.00",
        "sale": "SAVE $1.00",
        "image": "https://assets.shop.loblaws.ca/products/21305188/b3/en/front/21305188_front_a06_@2.png",
        "point": null,
        "stock": null,
        "weight": "338 g, $1.18/100g",
        "last_update": "2024-11-20",
        "storetype": "Loblaws",
        "member_price": null,
        "non_member_price": null,
        "desc_price": null,
        "temp_id": null,
        "tsv_title_brand": "'choic':8 'flatbread':5 'heat':3 'pepperoni':4 'presid':6 'sweet':1",
        "count": 0,
        "cart": false
    },
    {
        "id": "7071201",
        "category": "Frozen Food",
        "storeID": "4429",
        "productID": "20296014003_EA",
        "title": "Turkey",
        "brand": "Hungry-Man",
        "regprice": null,
        "saleprice": "$4.00",
        "wasprice": "$6.99",
        "sale": "SAVE $2.99",
        "image": "https://assets.shop.loblaws.ca/products/20296014003/b3/en/front/20296014003_front_a06_@2.png",
        "point": null,
        "stock": null,
        "weight": "455 g, $0.88/100g",
        "last_update": "2024-11-20",
        "storetype": "Loblaws",
        "member_price": null,
        "non_member_price": null,
        "desc_price": null,
        "temp_id": null,
        "tsv_title_brand": "'hungri':3 'hungry-man':2 'man':4 'turkey':1",
        "count": 0,
        "cart": false
    },
    {
        "id": "7070960",
        "category": "Snacks, Chips & Candy",
        "storeID": "4429",
        "productID": "21573672_EA",
        "title": "OREO, Maple Creme Sandwich Cookie, Made with Real Quebec Maple Syrup",
        "brand": "Christie",
        "regprice": null,
        "saleprice": "$3.49",
        "wasprice": "$4.00",
        "sale": "SAVE $0.51",
        "image": "https://assets.shop.loblaws.ca/products/21573672/b3/en/front/21573672_front_a06_@2.png",
        "point": null,
        "stock": null,
        "weight": "261 g, $1.34/100g",
        "last_update": "2024-11-20",
        "storetype": "Loblaws",
        "member_price": null,
        "non_member_price": null,
        "desc_price": null,
        "temp_id": null,
        "tsv_title_brand": "'christi':12 'cooki':5 'creme':3 'made':6 'mapl':2,10 'oreo':1 'quebec':9 'real':8 'sandwich':4 'syrup':11",
        "count": 0,
        "cart": false
    },
    {
        "id": "7071070",
        "category": "Frozen Food",
        "storeID": "4429",
        "productID": "21102735_EA",
        "title": "Chicken Arrabbiata Flatbread",
        "brand": "President's Choice",
        "regprice": null,
        "saleprice": "$4.00",
        "wasprice": "$5.00",
        "sale": "SAVE $1.00",
        "image": "https://assets.shop.loblaws.ca/products/21102735/b3/en/front/21102735_front_a06_@2.png",
        "point": null,
        "stock": null,
        "weight": "344 g, $1.16/100g",
        "last_update": "2024-11-20",
        "storetype": "Loblaws",
        "member_price": null,
        "non_member_price": null,
        "desc_price": null,
        "temp_id": null,
        "tsv_title_brand": "'arrabbiata':2 'chicken':1 'choic':6 'flatbread':3 'presid':4",
        "count": 0,
        "cart": false
    },
    {
        "id": "7071197",
        "category": "Frozen Food",
        "storeID": "4429",
        "productID": "20296014002_EA",
        "title": "Salisbury Steak",
        "brand": "Hungry-Man",
        "regprice": null,
        "saleprice": "$4.00",
        "wasprice": "$6.99",
        "sale": "SAVE $2.99",
        "image": "https://assets.shop.loblaws.ca/products/20296014002/b3/en/front/20296014002_front_a06_@2.png",
        "point": null,
        "stock": null,
        "weight": "455 g, $0.88/100g",
        "last_update": "2024-11-20",
        "storetype": "Loblaws",
        "member_price": null,
        "non_member_price": null,
        "desc_price": null,
        "temp_id": null,
        "tsv_title_brand": "'hungri':4 'hungry-man':3 'man':5 'salisburi':1 'steak':2",
        "count": 0,
        "cart": false
    },
    {
        "id": "7070964",
        "category": "Snacks, Chips & Candy",
        "storeID": "4429",
        "productID": "21358327_EA",
        "title": "Crispers BBQ Crackers, Barbeque Baked Snacks",
        "brand": "Christie",
        "regprice": null,
        "saleprice": "$2.99",
        "wasprice": "$3.50",
        "sale": "SAVE $0.51",
        "image": "https://assets.shop.loblaws.ca/products/21358327/b3/en/front/21358327_front_a06_@2.png",
        "point": null,
        "stock": null,
        "weight": "145 g, $2.06/100g",
        "last_update": "2024-11-20",
        "storetype": "Loblaws",
        "member_price": null,
        "non_member_price": null,
        "desc_price": null,
        "temp_id": null,
        "tsv_title_brand": "'bake':5 'barbequ':4 'bbq':2 'christi':7 'cracker':3 'crisper':1 'snack':6",
        "count": 0,
        "cart": false
    },
    {
        "id": "7071069",
        "category": "Frozen Food",
        "storeID": "4429",
        "productID": "20296424004_EA",
        "title": "Casa di Mama Hawaiian Pizza",
        "brand": "Dr Oetker",
        "regprice": null,
        "saleprice": "$4.00",
        "wasprice": "$5.50",
        "sale": "SAVE $1.50",
        "image": "https://assets.shop.loblaws.ca/products/20296424004/b3/en/front/20296424004_front_a06_@2.png",
        "point": null,
        "stock": null,
        "weight": "400 g, $1.00/100g",
        "last_update": "2024-11-20",
        "storetype": "Loblaws",
        "member_price": "Prepared in Canada",
        "non_member_price": null,
        "desc_price": null,
        "temp_id": null,
        "tsv_title_brand": "'casa':1 'di':2 'dr':6 'hawaiian':4 'mama':3 'oetker':7 'pizza':5",
        "count": 0,
        "cart": false
    },
    {
        "id": "7071244",
        "category": "Frozen Food",
        "storeID": "4429",
        "productID": "21547211_EA",
        "title": "Chicken Carbonara",
        "brand": "President's Choice",
        "regprice": null,
        "saleprice": "$3.50",
        "wasprice": "$4.50",
        "sale": "SAVE $1.00",
        "image": "https://assets.shop.loblaws.ca/products/21547211/b3/en/front/21547211_front_a06_@2.png",
        "point": null,
        "stock": null,
        "weight": "260 g, $1.35/100g",
        "last_update": "2024-11-20",
        "storetype": "Loblaws",
        "member_price": null,
        "non_member_price": null,
        "desc_price": null,
        "temp_id": null,
        "tsv_title_brand": "'carbonara':2 'chicken':1 'choic':5 'presid':3",
        "count": 0,
        "cart": false
    },
    {
        "id": "7071073",
        "category": "Frozen Food",
        "storeID": "4429",
        "productID": "21026061_EA",
        "title": "Pizza Pockets® Pepperoni",
        "brand": "McCain",
        "regprice": null,
        "saleprice": "$3.99",
        "wasprice": "$4.99",
        "sale": "SAVE $1.00",
        "image": "https://assets.shop.loblaws.ca/products/21026061/b3/en/front/21026061_front_a06_@2.png",
        "point": null,
        "stock": null,
        "weight": "300 g, $1.33/100g",
        "last_update": "2024-11-20",
        "storetype": "Loblaws",
        "member_price": null,
        "non_member_price": null,
        "desc_price": null,
        "temp_id": null,
        "tsv_title_brand": "'mccain':4 'pepperoni':3 'pizza':1 'pocket':2",
        "count": 0,
        "cart": false
    },
    {
        "id": "7071292",
        "category": "Frozen Food",
        "storeID": "4429",
        "productID": "21547264_EA",
        "title": "Teriyaki Chicken",
        "brand": "PC Blue Menu",
        "regprice": null,
        "saleprice": "$3.50",
        "wasprice": "$4.50",
        "sale": "SAVE $1.00",
        "image": "https://assets.shop.loblaws.ca/products/21547264/b3/en/front/21547264_front_a06_@2.png",
        "point": null,
        "stock": null,
        "weight": "214 g, $1.64/100g",
        "last_update": "2024-11-20",
        "storetype": "Loblaws",
        "member_price": null,
        "non_member_price": null,
        "desc_price": null,
        "temp_id": null,
        "tsv_title_brand": "'blue':4 'chicken':2 'menu':5 'pc':3 'teriyaki':1",
        "count": 0,
        "cart": false
    },
    {
        "id": "7071066",
        "category": "Frozen Food",
        "storeID": "4429",
        "productID": "21013452_EA",
        "title": "Chicken, Bacon and Caramelized Onion Flatbread",
        "brand": "President's Choice",
        "regprice": null,
        "saleprice": "$4.00",
        "wasprice": "$5.00",
        "sale": "SAVE $1.00",
        "image": "https://assets.shop.loblaws.ca/products/21013452/b3/en/front/21013452_front_a06_@2.png",
        "point": null,
        "stock": null,
        "weight": "340 g, $1.18/100g",
        "last_update": "2024-11-20",
        "storetype": "Loblaws",
        "member_price": null,
        "non_member_price": null,
        "desc_price": null,
        "temp_id": null,
        "tsv_title_brand": "'bacon':2 'caramel':4 'chicken':1 'choic':9 'flatbread':6 'onion':5 'presid':7",
        "count": 0,
        "cart": false
    },
    {
        "id": "7071245",
        "category": "Frozen Food",
        "storeID": "4429",
        "productID": "20527224_EA",
        "title": "Perogies, Potatoes & Cheddar Cheese",
        "brand": "Cheemo",
        "regprice": null,
        "saleprice": "$6.99",
        "wasprice": "$7.99",
        "sale": "SAVE $1.00",
        "image": "https://assets.shop.loblaws.ca/products/20527224/b3/en/front/20527224_front_a06_@2.png",
        "point": null,
        "stock": null,
        "weight": "2 kg, $0.35/100g",
        "last_update": "2024-11-20",
        "storetype": "Loblaws",
        "member_price": null,
        "non_member_price": null,
        "desc_price": null,
        "temp_id": null,
        "tsv_title_brand": "'cheddar':3 'cheemo':5 'chees':4 'perogi':1 'potato':2",
        "count": 0,
        "cart": false
    },
    {
        "id": "7071274",
        "category": "Frozen Food",
        "storeID": "4429",
        "productID": "20309869_EA",
        "title": "Meat Lasagna",
        "brand": "President's Choice",
        "regprice": null,
        "saleprice": "$3.50",
        "wasprice": "$4.50",
        "sale": "SAVE $1.00",
        "image": "https://assets.shop.loblaws.ca/products/20309869/b3/en/front/20309869_front_a06_@2.png",
        "point": null,
        "stock": null,
        "weight": "320 g, $1.09/100g",
        "last_update": "2024-11-20",
        "storetype": "Loblaws",
        "member_price": null,
        "non_member_price": null,
        "desc_price": null,
        "temp_id": null,
        "tsv_title_brand": "'choic':5 'lasagna':2 'meat':1 'presid':3",
        "count": 0,
        "cart": false
    },
    {
        "id": "7071198",
        "category": "Frozen Food",
        "storeID": "4429",
        "productID": "21364244_EA",
        "title": "Mac & Cheese",
        "brand": "PC Blue Menu",
        "regprice": null,
        "saleprice": "$3.50",
        "wasprice": "$4.50",
        "sale": "SAVE $1.00",
        "image": "https://assets.shop.loblaws.ca/products/21364244/b3/en/front/21364244_front_a06_@2.png",
        "point": null,
        "stock": null,
        "weight": "300 g, $1.17/100g",
        "last_update": "2024-11-20",
        "storetype": "Loblaws",
        "member_price": null,
        "non_member_price": null,
        "desc_price": null,
        "temp_id": null,
        "tsv_title_brand": "'blue':4 'chees':2 'mac':1 'menu':5 'pc':3",
        "count": 0,
        "cart": false
    },
    {
        "id": "7071291",
        "category": "Frozen Food",
        "storeID": "4429",
        "productID": "21547196_EA",
        "title": "Sweet and Sour Chicken",
        "brand": "PC Blue Menu",
        "regprice": null,
        "saleprice": "$3.50",
        "wasprice": "$4.50",
        "sale": "SAVE $1.00",
        "image": "https://assets.shop.loblaws.ca/products/21547196/b3/en/front/21547196_front_a06_@2.png",
        "point": null,
        "stock": null,
        "weight": "260 g, $1.35/100g",
        "last_update": "2024-11-20",
        "storetype": "Loblaws",
        "member_price": null,
        "non_member_price": null,
        "desc_price": null,
        "temp_id": null,
        "tsv_title_brand": "'blue':6 'chicken':4 'menu':7 'pc':5 'sour':3 'sweet':1",
        "count": 0,
        "cart": false
    },
    {
        "id": "7071246",
        "category": "Frozen Food",
        "storeID": "4429",
        "productID": "21547201_EA",
        "title": "Spaghetti Cacio E Pepe",
        "brand": "President's Choice",
        "regprice": null,
        "saleprice": "$3.50",
        "wasprice": "$4.50",
        "sale": "SAVE $1.00",
        "image": "https://assets.shop.loblaws.ca/products/21547201/b3/en/front/21547201_front_a06_@2.png",
        "point": null,
        "stock": null,
        "weight": "260 g, $1.35/100g",
        "last_update": "2024-11-20",
        "storetype": "Loblaws",
        "member_price": null,
        "non_member_price": null,
        "desc_price": null,
        "temp_id": null,
        "tsv_title_brand": "'cacio':2 'choic':7 'e':3 'pepe':4 'presid':5 'spaghetti':1",
        "count": 0,
        "cart": false
    },
    {
        "id": "7071293",
        "category": "Frozen Food",
        "storeID": "4429",
        "productID": "21290197_EA",
        "title": "Korean-Style Buckwheat Noodle & Tofu Protein Bowl",
        "brand": "PC Blue Menu",
        "regprice": null,
        "saleprice": "$3.50",
        "wasprice": "$4.50",
        "sale": "SAVE $1.00",
        "image": "https://assets.shop.loblaws.ca/products/21290197/b3/en/front/21290197_front_a06_@2.png",
        "point": null,
        "stock": null,
        "weight": "300 g, $1.17/100g",
        "last_update": "2024-11-20",
        "storetype": "Loblaws",
        "member_price": null,
        "non_member_price": null,
        "desc_price": null,
        "temp_id": null,
        "tsv_title_brand": "'blue':10 'bowl':8 'buckwheat':4 'korean':2 'korean-styl':1 'menu':11 'noodl':5 'pc':9 'protein':7 'style':3 'tofu':6",
        "count": 0,
        "cart": false
    },
    {
        "id": "7071279",
        "category": "Frozen Food",
        "storeID": "4429",
        "productID": "20987545_EA",
        "title": "Chicken Tikka Masala",
        "brand": "PC Blue Menu",
        "regprice": null,
        "saleprice": "$3.50",
        "wasprice": "$4.50",
        "sale": "SAVE $1.00",
        "image": "https://assets.shop.loblaws.ca/products/20987545/b3/en/front/20987545_front_a06_@2.png",
        "point": null,
        "stock": null,
        "weight": "350 g, $1.00/100g",
        "last_update": "2024-11-20",
        "storetype": "Loblaws",
        "member_price": "Prepared in Canada",
        "non_member_price": null,
        "desc_price": null,
        "temp_id": null,
        "tsv_title_brand": "'blue':5 'chicken':1 'masala':3 'menu':6 'pc':4 'tikka':2",
        "count": 0,
        "cart": false
    },
    {
        "id": "7071361",
        "category": "Frozen Food",
        "storeID": "4429",
        "productID": "20142076_EA",
        "title": "Perogies, Variety Pack",
        "brand": "Cheemo",
        "regprice": null,
        "saleprice": "$6.99",
        "wasprice": "$7.99",
        "sale": "SAVE $1.00",
        "image": "https://assets.shop.loblaws.ca/products/20142076/b3/en/front/20142076_front_a06_@2.png",
        "point": null,
        "stock": null,
        "weight": "2 kg, $0.35/100g",
        "last_update": "2024-11-20",
        "storetype": "Loblaws",
        "member_price": null,
        "non_member_price": null,
        "desc_price": null,
        "temp_id": null,
        "tsv_title_brand": "'cheemo':4 'pack':3 'perogi':1 'varieti':2",
        "count": 0,
        "cart": false
    },
    {
        "id": "7071296",
        "category": "Frozen Food",
        "storeID": "4429",
        "productID": "20219758_EA",
        "title": "Extra Cheesy Mac & Cheese",
        "brand": "President's Choice",
        "regprice": null,
        "saleprice": "$3.50",
        "wasprice": "$4.50",
        "sale": "SAVE $1.00",
        "image": "https://assets.shop.loblaws.ca/products/20219758/b3/en/front/20219758_front_a06_@2.png",
        "point": null,
        "stock": null,
        "weight": "340 g, $1.03/100g",
        "last_update": "2024-11-20",
        "storetype": "Loblaws",
        "member_price": null,
        "non_member_price": null,
        "desc_price": null,
        "temp_id": null,
        "tsv_title_brand": "'chees':4 'cheesi':2 'choic':7 'extra':1 'mac':3 'presid':5",
        "count": 0,
        "cart": false
    },
    {
        "id": "7071242",
        "category": "Frozen Food",
        "storeID": "4429",
        "productID": "21547286_EA",
        "title": "Thai Peanut Chicken",
        "brand": "PC Blue Menu",
        "regprice": null,
        "saleprice": "$3.50",
        "wasprice": "$4.50",
        "sale": "SAVE $1.00",
        "image": "https://assets.shop.loblaws.ca/products/21547286/b3/en/front/21547286_front_a06_@2.png",
        "point": null,
        "stock": null,
        "weight": "248 g, $1.41/100g",
        "last_update": "2024-11-20",
        "storetype": "Loblaws",
        "member_price": null,
        "non_member_price": null,
        "desc_price": null,
        "temp_id": null,
        "tsv_title_brand": "'blue':5 'chicken':3 'menu':6 'pc':4 'peanut':2 'thai':1",
        "count": 0,
        "cart": false
    },
    {
        "id": "7071290",
        "category": "Frozen Food",
        "storeID": "4429",
        "productID": "21546916_EA",
        "title": "Spaghetti Bolognese",
        "brand": "President's Choice",
        "regprice": null,
        "saleprice": "$3.50",
        "wasprice": "$4.50",
        "sale": "SAVE $1.00",
        "image": "https://assets.shop.loblaws.ca/products/21546916/b3/en/front/21546916_front_a06_@2.png",
        "point": null,
        "stock": null,
        "weight": "260 g, $1.35/100g",
        "last_update": "2024-11-20",
        "storetype": "Loblaws",
        "member_price": null,
        "non_member_price": null,
        "desc_price": null,
        "temp_id": null,
        "tsv_title_brand": "'bolognes':2 'choic':5 'presid':3 'spaghetti':1",
        "count": 0,
        "cart": false
    },
    {
        "id": "7071277",
        "category": "Frozen Food",
        "storeID": "4429",
        "productID": "21478018_EA",
        "title": "Tourtière",
        "brand": "President's Choice",
        "regprice": null,
        "saleprice": "$15.00",
        "wasprice": "$17.99",
        "sale": "SAVE $2.99",
        "image": "https://assets.shop.loblaws.ca/products/21478018/b3/en/front/21478018_front_a06_@2.png",
        "point": null,
        "stock": null,
        "weight": "900 g, $1.67/100g",
        "last_update": "2024-11-20",
        "storetype": "Loblaws",
        "member_price": null,
        "non_member_price": null,
        "desc_price": null,
        "temp_id": null,
        "tsv_title_brand": "'choic':4 'presid':2 'tourtièr':1",
        "count": 0,
        "cart": false
    },
    {
        "id": "7072176",
        "category": "Frozen Food",
        "storeID": "4429",
        "productID": "21218688_EA",
        "title": "Frozen Dessert Bar Non-Dairy Sea Salt Caramel Certified Vegan",
        "brand": "Magnum",
        "regprice": null,
        "saleprice": "$5.00",
        "wasprice": "$5.50",
        "sale": "SAVE $0.50",
        "image": "https://assets.shop.loblaws.ca/products/21218688/b3/en/front/21218688_front_a06_@2.png",
        "point": null,
        "stock": null,
        "weight": "3 ea, $1.67/1ea",
        "last_update": "2024-11-20",
        "storetype": "Loblaws",
        "member_price": null,
        "non_member_price": null,
        "desc_price": null,
        "temp_id": null,
        "tsv_title_brand": "'bar':3 'caramel':9 'certifi':10 'dairi':6 'dessert':2 'frozen':1 'magnum':12 'non':5 'non-dairi':4 'salt':8 'sea':7 'vegan':11",
        "count": 0,
        "cart": false
    },
    {
        "id": "7071680",
        "category": "Frozen Food",
        "storeID": "4429",
        "productID": "21623322_EA",
        "title": "Sausage & Three Cheese Breakfast Bites, 4 per pack",
        "brand": "Schneider",
        "regprice": null,
        "saleprice": "$5.00",
        "wasprice": "$6.99",
        "sale": "SAVE $1.99",
        "image": "https://assets.shop.loblaws.ca/products/21623322/b3/en/front/21623322_front_a06_@2.png",
        "point": null,
        "stock": null,
        "weight": "224 g, $2.23/100g",
        "last_update": "2024-11-20",
        "storetype": "Loblaws",
        "member_price": null,
        "non_member_price": null,
        "desc_price": null,
        "temp_id": null,
        "tsv_title_brand": "'4':6 'bite':5 'breakfast':4 'chees':3 'pack':8 'per':7 'sausag':1 'schneider':9 'three':2",
        "count": 0,
        "cart": false
    },
    {
        "id": "7073069",
        "category": "Natural and Organic",
        "storeID": "4429",
        "productID": "21432959_EA",
        "title": "Peanut Butter Chocolate Gluten-Free Bites",
        "brand": "Heavenly Hunks",
        "regprice": null,
        "saleprice": "$5.49",
        "wasprice": "$5.99",
        "sale": "SAVE $0.50",
        "image": "https://assets.shop.loblaws.ca/products/21432959/b3/en/front/21432959_front_a06_@2.png",
        "point": null,
        "stock": null,
        "weight": "170 g, $3.23/100g",
        "last_update": "2024-11-20",
        "storetype": "Loblaws",
        "member_price": null,
        "non_member_price": null,
        "desc_price": null,
        "temp_id": null,
        "tsv_title_brand": "'bite':7 'butter':2 'chocol':3 'free':6 'gluten':5 'gluten-fre':4 'heaven':8 'hunk':9 'peanut':1",
        "count": 0,
        "cart": false
    },
    {
        "id": "7071679",
        "category": "Frozen Food",
        "storeID": "4429",
        "productID": "21623302_EA",
        "title": "Bacon & Egg Croissant Breakfast Sandwiches, 2 per pack",
        "brand": "Schneiders Meat Pie",
        "regprice": null,
        "saleprice": "$5.00",
        "wasprice": "$6.99",
        "sale": "SAVE $1.99",
        "image": "https://assets.shop.loblaws.ca/products/21623302/b3/en/front/21623302_front_a06_@2.png",
        "point": null,
        "stock": null,
        "weight": "204 g, $2.45/100g",
        "last_update": "2024-11-20",
        "storetype": "Loblaws",
        "member_price": null,
        "non_member_price": null,
        "desc_price": null,
        "temp_id": null,
        "tsv_title_brand": "'2':6 'bacon':1 'breakfast':4 'croissant':3 'egg':2 'meat':10 'pack':8 'per':7 'pie':11 'sandwich':5 'schneider':9",
        "count": 0,
        "cart": false
    },
    {
        "id": "7071676",
        "category": "Frozen Food",
        "storeID": "4429",
        "productID": "21623288_EA",
        "title": "Bacon & Egg Breakfast Sandwiches, 2 per pack",
        "brand": "Schneider",
        "regprice": null,
        "saleprice": "$5.00",
        "wasprice": "$6.99",
        "sale": "SAVE $1.99",
        "image": "https://assets.shop.loblaws.ca/products/21623288/b3/en/front/21623288_front_a06_@2.png",
        "point": null,
        "stock": null,
        "weight": "232 g, $2.16/100g",
        "last_update": "2024-11-20",
        "storetype": "Loblaws",
        "member_price": null,
        "non_member_price": null,
        "desc_price": null,
        "temp_id": null,
        "tsv_title_brand": "'2':5 'bacon':1 'breakfast':3 'egg':2 'pack':7 'per':6 'sandwich':4 'schneider':8",
        "count": 0,
        "cart": false
    },
    {
        "id": "7072082",
        "category": "Frozen Food",
        "storeID": "4429",
        "productID": "20304623001_EA",
        "title": "Christie Oreo Frozen Dessert Sandwiches, Creme-flavoured Frozen Dessert Mixed With OREO Cookie Pieces Is Sandwiched Between Two Big Oreo Cookie Wafers,",
        "brand": "Nestlé",
        "regprice": null,
        "saleprice": "$5.49",
        "wasprice": "$6.99",
        "sale": "SAVE $1.50",
        "image": "https://assets.shop.loblaws.ca/products/20304623001/b3/en/front/20304623001_front_a06_@2.png",
        "point": null,
        "stock": null,
        "weight": "4x125.0 ml, $1.10/100ml",
        "last_update": "2024-11-20",
        "storetype": "Loblaws",
        "member_price": null,
        "non_member_price": null,
        "desc_price": null,
        "temp_id": null,
        "tsv_title_brand": "'big':20 'christi':1 'cooki':14,22 'creme':7 'creme-flavour':6 'dessert':4,10 'flavour':8 'frozen':3,9 'mix':11 'nestlé':24 'oreo':2,13,21 'piec':15 'sandwich':5,17 'two':19 'wafer':23",
        "count": 0,
        "cart": false
    },
    {
        "id": "7072029",
        "category": "Frozen Food",
        "storeID": "4429",
        "productID": "20344925006_EA",
        "title": "French Vanilla Ice Cream made in Canada",
        "brand": "Breyers",
        "regprice": null,
        "saleprice": "$5.99",
        "wasprice": "$7.99",
        "sale": "SAVE $2.00",
        "image": "https://assets.shop.loblaws.ca/products/20344925006/b3/en/front/20344925006_front_a06_@2.png",
        "point": null,
        "stock": null,
        "weight": "1.66 l, $0.36/100ml",
        "last_update": "2024-11-20",
        "storetype": "Loblaws",
        "member_price": null,
        "non_member_price": null,
        "desc_price": null,
        "temp_id": null,
        "tsv_title_brand": "'breyer':8 'canada':7 'cream':4 'french':1 'ice':3 'made':5 'vanilla':2",
        "count": 0,
        "cart": false
    },
    {
        "id": "7072026",
        "category": "Frozen Food",
        "storeID": "4429",
        "productID": "20303840001_EA",
        "title": "Deep Dish Pie Shells",
        "brand": "Tenderflake",
        "regprice": null,
        "saleprice": "$4.99",
        "wasprice": "$5.49",
        "sale": "SAVE $0.50",
        "image": "https://assets.shop.loblaws.ca/products/20303840001/b3/en/front/20303840001_front_a06_@2.png",
        "point": null,
        "stock": null,
        "weight": "350 g, $1.43/100g",
        "last_update": "2024-11-20",
        "storetype": "Loblaws",
        "member_price": null,
        "non_member_price": null,
        "desc_price": null,
        "temp_id": null,
        "tsv_title_brand": "'deep':1 'dish':2 'pie':3 'shell':4 'tenderflak':5",
        "count": 0,
        "cart": false
    },
    {
        "id": "7072032",
        "category": "Frozen Food",
        "storeID": "4429",
        "productID": "20314434001_EA",
        "title": "Frozen Yogurt Vanilla",
        "brand": "Chapmans",
        "regprice": null,
        "saleprice": "$5.99",
        "wasprice": "$8.99",
        "sale": "SAVE $3.00",
        "image": "https://assets.shop.loblaws.ca/products/20314434001/b3/en/front/20314434001_front_a06_@2.png",
        "point": null,
        "stock": null,
        "weight": "2 l, $0.30/100ml",
        "last_update": "2024-11-20",
        "storetype": "Loblaws",
        "member_price": "Prepared in Canada",
        "non_member_price": null,
        "desc_price": null,
        "temp_id": null,
        "tsv_title_brand": "'chapman':4 'frozen':1 'vanilla':3 'yogurt':2",
        "count": 0,
        "cart": false
    },
    {
        "id": "7072033",
        "category": "Frozen Food",
        "storeID": "4429",
        "productID": "21507016_EA",
        "title": "Peanut Butter & Chocolate Cookie Dough Ice Cream Bites",
        "brand": "President's Choice",
        "regprice": null,
        "saleprice": "$5.00",
        "wasprice": "$6.29",
        "sale": "SAVE $1.29",
        "image": "https://assets.shop.loblaws.ca/products/21507016/b3/en/front/21507016_front_a06_@2.png",
        "point": null,
        "stock": null,
        "weight": "180 ml, $2.78/100ml",
        "last_update": "2024-11-20",
        "storetype": "Loblaws",
        "member_price": null,
        "non_member_price": null,
        "desc_price": null,
        "temp_id": null,
        "tsv_title_brand": "'bite':8 'butter':2 'chocol':3 'choic':11 'cooki':4 'cream':7 'dough':5 'ice':6 'peanut':1 'presid':9",
        "count": 0,
        "cart": false
    },
    {
        "id": "7072175",
        "category": "Frozen Food",
        "storeID": "4429",
        "productID": "20322380001_EA",
        "title": "Drumstick Vanilla Caramel Cones",
        "brand": "Nestlé",
        "regprice": null,
        "saleprice": "$5.49",
        "wasprice": "$5.99",
        "sale": "SAVE $0.50",
        "image": "https://assets.shop.loblaws.ca/products/20322380001/b3/en/front/20322380001_front_a06_@2.png",
        "point": null,
        "stock": null,
        "weight": "4x140.0 ml, $0.98/100ml",
        "last_update": "2024-11-20",
        "storetype": "Loblaws",
        "member_price": "Prepared in Canada",
        "non_member_price": null,
        "desc_price": null,
        "temp_id": null,
        "tsv_title_brand": "'caramel':3 'cone':4 'drumstick':1 'nestlé':5 'vanilla':2",
        "count": 0,
        "cart": false
    },
    {
        "id": "7072173",
        "category": "Frozen Food",
        "storeID": "4429",
        "productID": "20344925002_EA",
        "title": "Chocolate Ice Cream made with fresh cream and rich cocoa",
        "brand": "Breyers",
        "regprice": null,
        "saleprice": "$5.99",
        "wasprice": "$7.99",
        "sale": "SAVE $2.00",
        "image": "https://assets.shop.loblaws.ca/products/20344925002/b3/en/front/20344925002_front_a06_@2.png",
        "point": null,
        "stock": null,
        "weight": "1.66 l, $0.36/100ml",
        "last_update": "2024-11-20",
        "storetype": "Loblaws",
        "member_price": null,
        "non_member_price": null,
        "desc_price": null,
        "temp_id": null,
        "tsv_title_brand": "'breyer':11 'chocol':1 'cocoa':10 'cream':3,7 'fresh':6 'ice':2 'made':4 'rich':9",
        "count": 0,
        "cart": false
    },
    {
        "id": "7062585",
        "category": "Meat",
        "storeID": "4429",
        "productID": "21079489_EA",
        "title": "Gluten Free Chicken Nuggets",
        "brand": "President's Choice",
        "regprice": null,
        "saleprice": "$6.00",
        "wasprice": "$8.00",
        "sale": "SAVE $2.00",
        "image": "https://assets.shop.loblaws.ca/products/21079489/b3/en/front/21079489_front_a06_@2.png",
        "point": null,
        "stock": null,
        "weight": "600 g, $1.00/100g",
        "last_update": "2024-11-20",
        "storetype": "Loblaws",
        "member_price": "Prepared in Canada",
        "non_member_price": null,
        "desc_price": null,
        "temp_id": null,
        "tsv_title_brand": "'chicken':3 'choic':7 'free':2 'gluten':1 'nugget':4 'presid':5",
        "count": 0,
        "cart": false
    },
    {
        "id": "7072183",
        "category": "Frozen Food",
        "storeID": "4429",
        "productID": "21506910_EA",
        "title": "Triple Chocolate Cookie Dough Ice Cream Bites",
        "brand": "President's Choice",
        "regprice": null,
        "saleprice": "$5.00",
        "wasprice": "$6.29",
        "sale": "SAVE $1.29",
        "image": "https://assets.shop.loblaws.ca/products/21506910/b3/en/front/21506910_front_a06_@2.png",
        "point": null,
        "stock": null,
        "weight": "180 ml, $2.78/100ml",
        "last_update": "2024-11-20",
        "storetype": "Loblaws",
        "member_price": null,
        "non_member_price": null,
        "desc_price": null,
        "temp_id": null,
        "tsv_title_brand": "'bite':7 'chocol':2 'choic':10 'cooki':3 'cream':6 'dough':4 'ice':5 'presid':8 'tripl':1",
        "count": 0,
        "cart": false
    },
    {
        "id": "7072135",
        "category": "Frozen Food",
        "storeID": "4429",
        "productID": "20604543004_EA",
        "title": "Madagascar Vanilla Super Premium Ice Cream",
        "brand": "PC Black Label",
        "regprice": null,
        "saleprice": "$4.00",
        "wasprice": "$4.99",
        "sale": "SAVE $0.99",
        "image": "https://assets.shop.loblaws.ca/products/20604543004/b3/en/front/20604543004_front_a06_@2.png",
        "point": null,
        "stock": null,
        "weight": "500 ml, $0.80/100ml",
        "last_update": "2024-11-20",
        "storetype": "Loblaws",
        "member_price": null,
        "non_member_price": null,
        "desc_price": null,
        "temp_id": null,
        "tsv_title_brand": "'black':8 'cream':6 'ice':5 'label':9 'madagascar':1 'pc':7 'premium':4 'super':3 'vanilla':2",
        "count": 0,
        "cart": false
    },
    {
        "id": "7072433",
        "category": "Frozen Food",
        "storeID": "4429",
        "productID": "21201257_EA",
        "title": "Thick & Crispy Breaded Chicken Burgers, Fully Cooked",
        "brand": "President's Choice",
        "regprice": null,
        "saleprice": "$6.00",
        "wasprice": "$8.00",
        "sale": "SAVE $2.00",
        "image": "https://assets.shop.loblaws.ca/products/21201257/b3/en/front/21201257_front_a06_@2.png",
        "point": null,
        "stock": null,
        "weight": "700 g, $0.86/100g",
        "last_update": "2024-11-20",
        "storetype": "Loblaws",
        "member_price": "Prepared in Canada",
        "non_member_price": null,
        "desc_price": null,
        "temp_id": null,
        "tsv_title_brand": "'bread':3 'burger':5 'chicken':4 'choic':10 'cook':7 'crispi':2 'fulli':6 'presid':8 'thick':1",
        "count": 0,
        "cart": false
    },
    {
        "id": "7063878",
        "category": "Meat",
        "storeID": "4429",
        "productID": "21193815_EA",
        "title": "Beyond Burger Plant-Based",
        "brand": "Beyond Meat",
        "regprice": null,
        "saleprice": "$6.00",
        "wasprice": "$7.99",
        "sale": "SAVE $1.99",
        "image": "https://assets.shop.loblaws.ca/products/21193815/b3/en/front/21193815_front_a06_@2.png",
        "point": null,
        "stock": null,
        "weight": "226 g, $2.65/100g",
        "last_update": "2024-11-20",
        "storetype": "Loblaws",
        "member_price": null,
        "non_member_price": null,
        "desc_price": null,
        "temp_id": null,
        "tsv_title_brand": "'base':5 'beyond':1,6 'burger':2 'meat':7 'plant':4 'plant-bas':3",
        "count": 0,
        "cart": false
    },
    {
        "id": "7062765",
        "category": "Meat",
        "storeID": "4429",
        "productID": "21108889_EA",
        "title": "Breaded Chicken Strips",
        "brand": "President's Choice",
        "regprice": null,
        "saleprice": "$6.00",
        "wasprice": "$8.00",
        "sale": "SAVE $2.00",
        "image": "https://assets.shop.loblaws.ca/products/21108889/b3/en/front/21108889_front_a06_@2.png",
        "point": null,
        "stock": null,
        "weight": "600 g, $1.00/100g",
        "last_update": "2024-11-20",
        "storetype": "Loblaws",
        "member_price": "Prepared in Canada",
        "non_member_price": null,
        "desc_price": null,
        "temp_id": null,
        "tsv_title_brand": "'bread':1 'chicken':2 'choic':6 'presid':4 'strip':3",
        "count": 0,
        "cart": false
    },
    {
        "id": "7060997",
        "category": "Dairy & Eggs",
        "storeID": "4429",
        "productID": "21576754_EA",
        "title": "Oat Creamer, Original",
        "brand": "Earth's Own",
        "regprice": null,
        "saleprice": "$5.99",
        "wasprice": "$6.99",
        "sale": "SAVE $1.00",
        "image": "https://assets.shop.loblaws.ca/products/21576754/b3/en/front/21576754_front_a06_@2.png",
        "point": "500 PC Optimum Points",
        "stock": null,
        "weight": "946 ml, $0.63/100ml",
        "last_update": "2024-11-20",
        "storetype": "Loblaws",
        "member_price": null,
        "non_member_price": null,
        "desc_price": null,
        "temp_id": null,
        "tsv_title_brand": "'creamer':2 'earth':4 'oat':1 'origin':3",
        "count": 0,
        "cart": false
    },
    {
        "id": "7062430",
        "category": "Dairy & Eggs",
        "storeID": "4429",
        "productID": "21312346_EA",
        "title": "Oat Beverage, Chocolate",
        "brand": "Earth's Own",
        "regprice": null,
        "saleprice": "$2.49",
        "wasprice": "$2.99",
        "sale": "SAVE $0.50",
        "image": "https://assets.shop.loblaws.ca/products/21312346/b3/en/front/21312346_front_a06_@2.png",
        "point": null,
        "stock": null,
        "weight": "946 ml, $0.26/100ml",
        "last_update": "2024-11-20",
        "storetype": "Loblaws",
        "member_price": null,
        "non_member_price": null,
        "desc_price": null,
        "temp_id": null,
        "tsv_title_brand": "'beverag':2 'chocol':3 'earth':4 'oat':1",
        "count": 0,
        "cart": false
    },
    {
        "id": "7062701",
        "category": "Meat",
        "storeID": "4429",
        "productID": "21079476_EA",
        "title": "Gluten Free Chicken Strips",
        "brand": "President's Choice",
        "regprice": null,
        "saleprice": "$6.00",
        "wasprice": "$8.00",
        "sale": "SAVE $2.00",
        "image": "https://assets.shop.loblaws.ca/products/21079476/b3/en/front/21079476_front_a06_@2.png",
        "point": null,
        "stock": null,
        "weight": "600 g, $1.00/100g",
        "last_update": "2024-11-20",
        "storetype": "Loblaws",
        "member_price": "Prepared in Canada",
        "non_member_price": null,
        "desc_price": null,
        "temp_id": null,
        "tsv_title_brand": "'chicken':3 'choic':7 'free':2 'gluten':1 'presid':5 'strip':4",
        "count": 0,
        "cart": false
    },
    {
        "id": "7072501",
        "category": "Frozen Food",
        "storeID": "4429",
        "productID": "20838560_EA",
        "title": "Pei Mussels In Creamy White Wine Sauce",
        "brand": "President's Choice",
        "regprice": null,
        "saleprice": "$7.99",
        "wasprice": "$14.99",
        "sale": "SAVE $7.00",
        "image": "https://assets.shop.loblaws.ca/products/20838560/b3/en/front/20838560_front_a06_@2.png",
        "point": null,
        "stock": null,
        "weight": "907 g, $0.88/100g",
        "last_update": "2024-11-20",
        "storetype": "Loblaws",
        "member_price": null,
        "non_member_price": null,
        "desc_price": null,
        "temp_id": null,
        "tsv_title_brand": "'choic':10 'creami':4 'mussel':2 'pei':1 'presid':8 'sauc':7 'white':5 'wine':6",
        "count": 0,
        "cart": false
    },
    {
        "id": "7062766",
        "category": "Meat",
        "storeID": "4429",
        "productID": "21079451_EA",
        "title": "Gluten Free Chicken Burgers",
        "brand": "President's Choice",
        "regprice": null,
        "saleprice": "$6.00",
        "wasprice": "$8.00",
        "sale": "SAVE $2.00",
        "image": "https://assets.shop.loblaws.ca/products/21079451/b3/en/front/21079451_front_a06_@2.png",
        "point": null,
        "stock": null,
        "weight": "600 g, $1.00/100g",
        "last_update": "2024-11-20",
        "storetype": "Loblaws",
        "member_price": "Prepared in Canada",
        "non_member_price": null,
        "desc_price": null,
        "temp_id": null,
        "tsv_title_brand": "'burger':4 'chicken':3 'choic':7 'free':2 'gluten':1 'presid':5",
        "count": 0,
        "cart": false
    },
    {
        "id": "7061206",
        "category": "Dairy & Eggs",
        "storeID": "4429",
        "productID": "21592483_EA",
        "title": "Dairy-free Cheese, Crumbled Parmesan Style",
        "brand": "Silk",
        "regprice": null,
        "saleprice": "$7.99",
        "wasprice": "$9.29",
        "sale": "SAVE $1.30",
        "image": "https://assets.shop.loblaws.ca/products/21592483/b3/en/front/21592483_front_a06_@2.png",
        "point": null,
        "stock": null,
        "weight": "113 g, $7.07/100g",
        "last_update": "2024-11-20",
        "storetype": "Loblaws",
        "member_price": null,
        "non_member_price": null,
        "desc_price": null,
        "temp_id": null,
        "tsv_title_brand": "'chees':4 'crumbl':5 'dairi':2 'dairy-fre':1 'free':3 'parmesan':6 'silk':8 'style':7",
        "count": 0,
        "cart": false
    },
    {
        "id": "7062433",
        "category": "Dairy & Eggs",
        "storeID": "4429",
        "productID": "21108254_EA",
        "title": "Oat Beverage, Vanilla",
        "brand": "So Fresh",
        "regprice": null,
        "saleprice": "$2.49",
        "wasprice": "$2.99",
        "sale": "SAVE $0.50",
        "image": "https://assets.shop.loblaws.ca/products/21108254/b3/en/front/21108254_front_a06_@2.png",
        "point": null,
        "stock": null,
        "weight": "946 ml, $0.26/100ml",
        "last_update": "2024-11-20",
        "storetype": "Loblaws",
        "member_price": "Prepared in Canada",
        "non_member_price": null,
        "desc_price": null,
        "temp_id": null,
        "tsv_title_brand": "'beverag':2 'fresh':5 'oat':1 'vanilla':3",
        "count": 0,
        "cart": false
    },
    {
        "id": "7065437",
        "category": "Pantry",
        "storeID": "4429",
        "productID": "21517447_EA",
        "title": "Salted Mixed Nuts",
        "brand": "PC Organics",
        "regprice": null,
        "saleprice": "$8.09",
        "wasprice": "$8.99",
        "sale": "SAVE $0.90",
        "image": "https://assets.shop.loblaws.ca/products/21517447/b3/en/front/21517447_front_a06_@2.png",
        "point": null,
        "stock": null,
        "weight": "200 g, $4.05/100g",
        "last_update": "2024-11-20",
        "storetype": "Loblaws",
        "member_price": null,
        "non_member_price": null,
        "desc_price": null,
        "temp_id": null,
        "tsv_title_brand": "'mix':2 'nut':3 'organ':5 'pc':4 'salt':1",
        "count": 0,
        "cart": false
    },
    {
        "id": "7062076",
        "category": "Dairy & Eggs",
        "storeID": "4429",
        "productID": "20588702004_EA",
        "title": "Krema Greek Style Yogurt, Strawberry",
        "brand": "Olympic",
        "regprice": null,
        "saleprice": "$5.49",
        "wasprice": "$5.99",
        "sale": "SAVE $0.50",
        "image": "https://assets.shop.loblaws.ca/products/20588702004/b3/en/front/20588702004_front_a06_@2.png",
        "point": null,
        "stock": null,
        "weight": "500 g, $1.10/100g",
        "last_update": "2024-11-20",
        "storetype": "Loblaws",
        "member_price": null,
        "non_member_price": null,
        "desc_price": null,
        "temp_id": null,
        "tsv_title_brand": "'greek':2 'krema':1 'olymp':6 'strawberri':5 'style':3 'yogurt':4",
        "count": 0,
        "cart": false
    },
    {
        "id": "7062423",
        "category": "Dairy & Eggs",
        "storeID": "4429",
        "productID": "20666187_EA",
        "title": "Soy Barista",
        "brand": "So Nice",
        "regprice": null,
        "saleprice": "$3.99",
        "wasprice": "$4.49",
        "sale": "SAVE $0.50",
        "image": "https://assets.shop.loblaws.ca/products/20666187/b3/en/front/20666187_front_a06_@2.png",
        "point": null,
        "stock": null,
        "weight": "946 ml, $0.42/100ml",
        "last_update": "2024-11-20",
        "storetype": "Loblaws",
        "member_price": null,
        "non_member_price": null,
        "desc_price": null,
        "temp_id": null,
        "tsv_title_brand": "'barista':2 'nice':4 'soy':1",
        "count": 0,
        "cart": false
    },
    {
        "id": "7061013",
        "category": "Dairy & Eggs",
        "storeID": "4429",
        "productID": "21431574_EA",
        "title": "Yogourt Organic Whole Milk Blueberry 3.25% M.F.",
        "brand": "Organic Meadow",
        "regprice": null,
        "saleprice": "$5.49",
        "wasprice": "$5.99",
        "sale": "SAVE $0.50",
        "image": "https://assets.shop.loblaws.ca/products/21431574/b3/en/front/21431574_front_a06_@2.png",
        "point": null,
        "stock": null,
        "weight": "4x100.0 g, $1.37/100g",
        "last_update": "2024-11-20",
        "storetype": "Loblaws",
        "member_price": null,
        "non_member_price": null,
        "desc_price": null,
        "temp_id": null,
        "tsv_title_brand": "'3.25':6 'blueberri':5 'm.f':7 'meadow':9 'milk':4 'organ':2,8 'whole':3 'yogourt':1",
        "count": 0,
        "cart": false
    },
    {
        "id": "7061993",
        "category": "Dairy & Eggs",
        "storeID": "4429",
        "productID": "20588372002_EA",
        "title": "Krema Yogurt Plain 10%",
        "brand": "Olympic",
        "regprice": null,
        "saleprice": "$6.49",
        "wasprice": "$6.99",
        "sale": "SAVE $0.50",
        "image": "https://assets.shop.loblaws.ca/products/20588372002/b3/en/front/20588372002_front_a06_@2.png",
        "point": null,
        "stock": null,
        "weight": "650 g, $1.00/100g",
        "last_update": "2024-11-20",
        "storetype": "Loblaws",
        "member_price": "Prepared in Canada",
        "non_member_price": null,
        "desc_price": null,
        "temp_id": null,
        "tsv_title_brand": "'10':4 'krema':1 'olymp':5 'plain':3 'yogurt':2",
        "count": 0,
        "cart": false
    },
    {
        "id": "7062148",
        "category": "Dairy & Eggs",
        "storeID": "4429",
        "productID": "21587006_EA",
        "title": "Krema Yogurt Honey 9% M.F.",
        "brand": "Olympic",
        "regprice": null,
        "saleprice": "$5.99",
        "wasprice": "$7.49",
        "sale": "SAVE $1.50",
        "image": "https://assets.shop.loblaws.ca/products/21587006/b3/en/front/21587006_front_a06_@2.png",
        "point": null,
        "stock": null,
        "weight": "650 g, $0.92/100g",
        "last_update": "2024-11-20",
        "storetype": "Loblaws",
        "member_price": null,
        "non_member_price": null,
        "desc_price": null,
        "temp_id": null,
        "tsv_title_brand": "'9':4 'honey':3 'krema':1 'm.f':5 'olymp':6 'yogurt':2",
        "count": 0,
        "cart": false
    },
    {
        "id": "7073261",
        "category": "Natural and Organic",
        "storeID": "4429",
        "productID": "21541017_EA",
        "title": "RXBAR Peanut Butter Chocolate Bars",
        "brand": "Kelloggs",
        "regprice": null,
        "saleprice": "$12.99",
        "wasprice": "$14.99",
        "sale": "SAVE $2.00",
        "image": "https://assets.shop.loblaws.ca/products/21541017/b3/en/front/21541017_front_a06_@2.png",
        "point": null,
        "stock": null,
        "weight": "260 g, $5.00/100g",
        "last_update": "2024-11-20",
        "storetype": "Loblaws",
        "member_price": null,
        "non_member_price": null,
        "desc_price": null,
        "temp_id": null,
        "tsv_title_brand": "'bar':5 'butter':3 'chocol':4 'kellogg':6 'peanut':2 'rxbar':1",
        "count": 0,
        "cart": false
    },
    {
        "id": "7073073",
        "category": "Natural and Organic",
        "storeID": "4429",
        "productID": "21219806_EA",
        "title": "Sweet Cinnamon Soft Baked Cookies",
        "brand": "Made Good",
        "regprice": null,
        "saleprice": "$3.00",
        "wasprice": "$3.99",
        "sale": "SAVE $0.99",
        "image": "https://assets.shop.loblaws.ca/products/21219806/b3/en/front/21219806_front_a06_@2.png",
        "point": null,
        "stock": null,
        "weight": "120 g, $12.50/100g",
        "last_update": "2024-11-20",
        "storetype": "Loblaws",
        "member_price": "Prepared in Canada",
        "non_member_price": null,
        "desc_price": null,
        "temp_id": null,
        "tsv_title_brand": "'bake':4 'cinnamon':2 'cooki':5 'good':7 'made':6 'soft':3 'sweet':1",
        "count": 0,
        "cart": false
    },
    {
        "id": "7073173",
        "category": "Natural and Organic",
        "storeID": "4429",
        "productID": "21540999_EA",
        "title": "Minis Snack Size Bars, 4 Chocolate Sea Salt & 4 Peanut Butter",
        "brand": "Kelloggs",
        "regprice": null,
        "saleprice": "$12.99",
        "wasprice": "$14.99",
        "sale": "SAVE $2.00",
        "image": "https://assets.shop.loblaws.ca/products/21540999/b3/en/front/21540999_front_a06_@2.png",
        "point": null,
        "stock": null,
        "weight": "208 g, $6.25/100g",
        "last_update": "2024-11-20",
        "storetype": "Loblaws",
        "member_price": null,
        "non_member_price": null,
        "desc_price": null,
        "temp_id": null,
        "tsv_title_brand": "'4':5,9 'bar':4 'butter':11 'chocol':6 'kellogg':12 'mini':1 'peanut':10 'salt':8 'sea':7 'size':3 'snack':2",
        "count": 0,
        "cart": false
    },
    {
        "id": "7073983",
        "category": "Natural and Organic",
        "storeID": "4429",
        "productID": "20591675_EA",
        "title": "GoLean Honey Almond Flax Crunch Cereal",
        "brand": "Kashi",
        "regprice": null,
        "saleprice": "$5.00",
        "wasprice": "$6.00",
        "sale": "SAVE $1.00",
        "image": "https://assets.shop.loblaws.ca/products/20591675/b3/en/front/20591675_front_a06_@2.png",
        "point": null,
        "stock": null,
        "weight": "400 g, $1.25/100g",
        "last_update": "2024-11-20",
        "storetype": "Loblaws",
        "member_price": null,
        "non_member_price": null,
        "desc_price": null,
        "temp_id": null,
        "tsv_title_brand": "'almond':3 'cereal':6 'crunch':5 'flax':4 'golean':1 'honey':2 'kashi':7",
        "count": 0,
        "cart": false
    },
    {
        "id": "7073725",
        "category": "Natural and Organic",
        "storeID": "4429",
        "productID": "21400321_EA",
        "title": "Instant Chicken Bone Broth Naked",
        "brand": "Bone Brewhouse",
        "regprice": null,
        "saleprice": "$10.99",
        "wasprice": "$11.99",
        "sale": "SAVE $1.00",
        "image": "https://assets.shop.loblaws.ca/products/21400321/b3/en/front/21400321_front_a06_@2.png",
        "point": null,
        "stock": null,
        "weight": "16 g, $68.69/100g",
        "last_update": "2024-11-20",
        "storetype": "Loblaws",
        "member_price": null,
        "non_member_price": null,
        "desc_price": null,
        "temp_id": null,
        "tsv_title_brand": "'bone':3,6 'brewhous':7 'broth':4 'chicken':2 'instant':1 'nake':5",
        "count": 0,
        "cart": false
    },
    {
        "id": "7073721",
        "category": "Natural and Organic",
        "storeID": "4429",
        "productID": "21411124_EA",
        "title": "Peppermint Herbal Tea",
        "brand": "PC Organics",
        "regprice": null,
        "saleprice": "$3.99",
        "wasprice": "$5.49",
        "sale": "SAVE $1.50",
        "image": "https://assets.shop.loblaws.ca/products/21411124/b3/en/front/21411124_front_a06_@2.png",
        "point": null,
        "stock": null,
        "weight": "1 ea, $3.99/1ea",
        "last_update": "2024-11-20",
        "storetype": "Loblaws",
        "member_price": null,
        "non_member_price": null,
        "desc_price": null,
        "temp_id": null,
        "tsv_title_brand": "'herbal':2 'organ':5 'pc':4 'peppermint':1 'tea':3",
        "count": 0,
        "cart": false
    },
    {
        "id": "7073722",
        "category": "Natural and Organic",
        "storeID": "4429",
        "productID": "21365909_EA",
        "title": "Organic Japanese Matcha Green Tea Powder",
        "brand": "Elan",
        "regprice": null,
        "saleprice": "$24.99",
        "wasprice": "$26.99",
        "sale": "SAVE $2.00",
        "image": "https://assets.shop.loblaws.ca/products/21365909/b3/en/front/21365909_front_a06_@2.png",
        "point": null,
        "stock": null,
        "weight": "250 g, $10.00/100g",
        "last_update": "2024-11-20",
        "storetype": "Loblaws",
        "member_price": null,
        "non_member_price": null,
        "desc_price": null,
        "temp_id": null,
        "tsv_title_brand": "'elan':7 'green':4 'japanes':2 'matcha':3 'organ':1 'powder':6 'tea':5",
        "count": 0,
        "cart": false
    },
    {
        "id": "7073724",
        "category": "Natural and Organic",
        "storeID": "4429",
        "productID": "21366640_EA",
        "title": "Think Mushroom Ground Coffee with Lion's Mane Think",
        "brand": "Four Sigmatic",
        "regprice": null,
        "saleprice": "$24.99",
        "wasprice": "$26.99",
        "sale": "SAVE $2.00",
        "image": "https://assets.shop.loblaws.ca/products/21366640/b3/en/front/21366640_front_a06_@2.png",
        "point": null,
        "stock": null,
        "weight": "340 g, $7.35/100g",
        "last_update": "2024-11-20",
        "storetype": "Loblaws",
        "member_price": null,
        "non_member_price": null,
        "desc_price": null,
        "temp_id": null,
        "tsv_title_brand": "'coffe':4 'four':10 'ground':3 'lion':6 'mane':8 'mushroom':2 'sigmat':11 'think':1,9",
        "count": 0,
        "cart": false
    },
    {
        "id": "7073755",
        "category": "Natural and Organic",
        "storeID": "4429",
        "productID": "21400280_EA",
        "title": "Instant Chicken Bone Broth Lemon Ginger",
        "brand": "Bone Brewhouse",
        "regprice": null,
        "saleprice": "$10.99",
        "wasprice": "$11.99",
        "sale": "SAVE $1.00",
        "image": "https://assets.shop.loblaws.ca/products/21400280/b3/en/front/21400280_front_a06_@2.png",
        "point": null,
        "stock": null,
        "weight": "16 g, $68.69/100g",
        "last_update": "2024-11-20",
        "storetype": "Loblaws",
        "member_price": null,
        "non_member_price": null,
        "desc_price": null,
        "temp_id": null,
        "tsv_title_brand": "'bone':3,7 'brewhous':8 'broth':4 'chicken':2 'ginger':6 'instant':1 'lemon':5",
        "count": 0,
        "cart": false
    },
    {
        "id": "7073734",
        "category": "Natural and Organic",
        "storeID": "4429",
        "productID": "21245952_EA",
        "title": "Orange & Turmeric",
        "brand": "Rise Kombucha",
        "regprice": null,
        "saleprice": "$3.79",
        "wasprice": "$4.29",
        "sale": "SAVE $0.50",
        "image": "https://assets.shop.loblaws.ca/products/21245952/b3/en/front/21245952_front_a06_@2.png",
        "point": "1,000 PC Optimum Points",
        "stock": null,
        "weight": "414 ml, $0.92/100ml",
        "last_update": "2024-11-20",
        "storetype": "Loblaws",
        "member_price": null,
        "non_member_price": null,
        "desc_price": null,
        "temp_id": null,
        "tsv_title_brand": "'kombucha':4 'orang':1 'rise':3 'turmer':2",
        "count": 0,
        "cart": false
    },
    {
        "id": "7073761",
        "category": "Natural and Organic",
        "storeID": "4429",
        "productID": "21295058_EA",
        "title": "Raspberry & Vanilla",
        "brand": "Rise Kombucha",
        "regprice": null,
        "saleprice": "$3.79",
        "wasprice": "$4.29",
        "sale": "SAVE $0.50",
        "image": "https://assets.shop.loblaws.ca/products/21295058/b3/en/front/21295058_front_a06_@2.png",
        "point": "1,000 PC Optimum Points",
        "stock": null,
        "weight": "414 ml, $0.92/100ml",
        "last_update": "2024-11-20",
        "storetype": "Loblaws",
        "member_price": null,
        "non_member_price": null,
        "desc_price": null,
        "temp_id": null,
        "tsv_title_brand": "'kombucha':4 'raspberri':1 'rise':3 'vanilla':2",
        "count": 0,
        "cart": false
    },
    {
        "id": "7073728",
        "category": "Natural and Organic",
        "storeID": "4429",
        "productID": "21333214_EA",
        "title": "Kombucha - Pink Lady Apple",
        "brand": "Health-Ade",
        "regprice": null,
        "saleprice": "$4.49",
        "wasprice": "$5.49",
        "sale": "SAVE $1.00",
        "image": "https://assets.shop.loblaws.ca/products/21333214/b3/en/front/21333214_front_a06_@2.png",
        "point": "1,000 PC Optimum Points",
        "stock": null,
        "weight": "454 g",
        "last_update": "2024-11-20",
        "storetype": "Loblaws",
        "member_price": null,
        "non_member_price": null,
        "desc_price": null,
        "temp_id": null,
        "tsv_title_brand": "'ade':7 'appl':4 'health':6 'health-ad':5 'kombucha':1 'ladi':3 'pink':2",
        "count": 0,
        "cart": false
    },
    {
        "id": "7073732",
        "category": "Natural and Organic",
        "storeID": "4429",
        "productID": "21295362_EA",
        "title": "Kiwi & Pineapple",
        "brand": "Rise Kombucha",
        "regprice": null,
        "saleprice": "$3.79",
        "wasprice": "$4.29",
        "sale": "SAVE $0.50",
        "image": "https://assets.shop.loblaws.ca/products/21295362/b3/en/front/21295362_front_a06_@2.png",
        "point": "1,000 PC Optimum Points",
        "stock": null,
        "weight": "414 ml, $0.92/100ml",
        "last_update": "2024-11-20",
        "storetype": "Loblaws",
        "member_price": null,
        "non_member_price": null,
        "desc_price": null,
        "temp_id": null,
        "tsv_title_brand": "'kiwi':1 'kombucha':4 'pineappl':2 'rise':3",
        "count": 0,
        "cart": false
    },
    {
        "id": "7073758",
        "category": "Natural and Organic",
        "storeID": "4429",
        "productID": "20910755001_EA",
        "title": "Fresh Ginger",
        "brand": "Rise Kombucha",
        "regprice": null,
        "saleprice": "$3.79",
        "wasprice": "$4.29",
        "sale": "SAVE $0.50",
        "image": "https://assets.shop.loblaws.ca/products/20910755001/b3/en/front/20910755001_front_a06_@2.png",
        "point": "1,000 PC Optimum Points",
        "stock": null,
        "weight": "414 ml, $0.92/100ml",
        "last_update": "2024-11-20",
        "storetype": "Loblaws",
        "member_price": null,
        "non_member_price": null,
        "desc_price": null,
        "temp_id": null,
        "tsv_title_brand": "'fresh':1 'ginger':2 'kombucha':4 'rise':3",
        "count": 0,
        "cart": false
    },
    {
        "id": "7069640",
        "category": "Snacks, Chips & Candy",
        "storeID": "4429",
        "productID": "21520003_EA",
        "title": "Bob's Bar Gluten Free Oats, Peanut Butter & Honey Bar",
        "brand": "Bobs Red Mill",
        "regprice": null,
        "saleprice": "$2.49",
        "wasprice": "$2.79",
        "sale": "SAVE $0.30",
        "image": "https://assets.shop.loblaws.ca/products/21520003/b3/en/front/21520003_front_a06_@2.png",
        "point": null,
        "stock": null,
        "weight": "50 g, $4.98/100g",
        "last_update": "2024-11-20",
        "storetype": "Loblaws",
        "member_price": null,
        "non_member_price": null,
        "desc_price": null,
        "temp_id": null,
        "tsv_title_brand": "'bar':3,10 'bob':1,11 'butter':8 'free':5 'gluten':4 'honey':9 'mill':13 'oat':6 'peanut':7 'red':12",
        "count": 0,
        "cart": false
    },
    {
        "id": "7075081",
        "category": "Bakery",
        "storeID": "4429",
        "productID": "21596210_EA",
        "title": "Rosemary Focaccia Triangle",
        "brand": "ACE",
        "regprice": null,
        "saleprice": "$6.99",
        "wasprice": "$7.49",
        "sale": "SAVE $0.50",
        "image": "https://assets.shop.loblaws.ca/products/21596210/b3/en/front/21596210_front_a06_@2.png",
        "point": null,
        "stock": null,
        "weight": "800 g, $0.87/100g",
        "last_update": "2024-11-20",
        "storetype": "Loblaws",
        "member_price": null,
        "non_member_price": null,
        "desc_price": null,
        "temp_id": null,
        "tsv_title_brand": "'ace':4 'focaccia':2 'rosemari':1 'triangl':3",
        "count": 0,
        "cart": false
    },
    {
        "id": "7069539",
        "category": "Snacks, Chips & Candy",
        "storeID": "4429",
        "productID": "21352121_EA",
        "title": "Birthday Day Cake Chocolate Drizzled Bars",
        "brand": "Made Good",
        "regprice": null,
        "saleprice": "$3.00",
        "wasprice": "$3.99",
        "sale": "SAVE $0.99",
        "image": "https://assets.shop.loblaws.ca/products/21352121/b3/en/front/21352121_front_a06_@2.png",
        "point": null,
        "stock": null,
        "weight": "120 g, $2.50/100g",
        "last_update": "2024-11-20",
        "storetype": "Loblaws",
        "member_price": null,
        "non_member_price": null,
        "desc_price": null,
        "temp_id": null,
        "tsv_title_brand": "'bar':6 'birthday':1 'cake':3 'chocol':4 'day':2 'drizzl':5 'good':8 'made':7",
        "count": 0,
        "cart": false
    },
    {
        "id": "7064910",
        "category": "Pantry",
        "storeID": "4429",
        "productID": "20031301001_EA",
        "title": "Wild Solid White Albacore Tuna, No Salt Added",
        "brand": "Raincoast",
        "regprice": null,
        "saleprice": "$6.99",
        "wasprice": "$7.49",
        "sale": "SAVE $0.50",
        "image": "https://assets.shop.loblaws.ca/products/20031301001/b3/en/front/20031301001_front_a06_@2.png",
        "point": null,
        "stock": null,
        "weight": "150 g, $4.66/100g",
        "last_update": "2024-11-20",
        "storetype": "Loblaws",
        "member_price": null,
        "non_member_price": null,
        "desc_price": null,
        "temp_id": null,
        "tsv_title_brand": "'ad':8 'albacor':4 'raincoast':9 'salt':7 'solid':2 'tuna':5 'white':3 'wild':1",
        "count": 0,
        "cart": false
    },
    {
        "id": "7066077",
        "category": "Pantry",
        "storeID": "4429",
        "productID": "20996217_EA",
        "title": "Tamari Soy Sauce",
        "brand": "San J",
        "regprice": null,
        "saleprice": "$8.99",
        "wasprice": "$9.99",
        "sale": "SAVE $1.00",
        "image": "https://assets.shop.loblaws.ca/products/20996217/b3/en/front/20996217_front_a06_@2.png",
        "point": null,
        "stock": null,
        "weight": "592 ml, $1.52/100ml",
        "last_update": "2024-11-20",
        "storetype": "Loblaws",
        "member_price": null,
        "non_member_price": null,
        "desc_price": null,
        "temp_id": null,
        "tsv_title_brand": "'j':5 'san':4 'sauc':3 'soy':2 'tamari':1",
        "count": 0,
        "cart": false
    },
    {
        "id": "7074926",
        "category": "Natural and Organic",
        "storeID": "4429",
        "productID": "20031362008_C16",
        "title": "Fruit & Nut Energy Bar, Peanut Butter, 16/pack",
        "brand": "Larabar",
        "regprice": null,
        "saleprice": "$21.99",
        "wasprice": "$28.99",
        "sale": "SAVE $7.00",
        "image": "https://assets.shop.loblaws.ca/products/20031362008/b3/en/front/20031362008_front_a06_@2.png",
        "point": null,
        "stock": null,
        "weight": "16x48.0 g, $2.86/100g",
        "last_update": "2024-11-20",
        "storetype": "Loblaws",
        "member_price": null,
        "non_member_price": null,
        "desc_price": null,
        "temp_id": null,
        "tsv_title_brand": "'16/pack':7 'bar':4 'butter':6 'energi':3 'fruit':1 'larabar':8 'nut':2 'peanut':5",
        "count": 0,
        "cart": false
    },
    {
        "id": "7069536",
        "category": "Snacks, Chips & Candy",
        "storeID": "4429",
        "productID": "21352159_EA",
        "title": "Chocolate Drizzled Vanilla Granola Bars",
        "brand": "Made Good",
        "regprice": null,
        "saleprice": "$3.00",
        "wasprice": "$3.99",
        "sale": "SAVE $0.99",
        "image": "https://assets.shop.loblaws.ca/products/21352159/b3/en/front/21352159_front_a06_@2.png",
        "point": null,
        "stock": null,
        "weight": "120 g, $2.50/100g",
        "last_update": "2024-11-20",
        "storetype": "Loblaws",
        "member_price": null,
        "non_member_price": null,
        "desc_price": null,
        "temp_id": null,
        "tsv_title_brand": "'bar':5 'chocol':1 'drizzl':2 'good':7 'granola':4 'made':6 'vanilla':3",
        "count": 0,
        "cart": false
    },
    {
        "id": "7075012",
        "category": "Natural and Organic",
        "storeID": "4429",
        "productID": "20706230001_EA",
        "title": "Builders Protein Builder's Bar, Chocolate Peanut Butter",
        "brand": "CLIF",
        "regprice": null,
        "saleprice": "$14.99",
        "wasprice": "$16.99",
        "sale": "SAVE $2.00",
        "image": "https://assets.shop.loblaws.ca/products/20706230001/b3/en/front/20706230001_front_a06_@2.png",
        "point": null,
        "stock": null,
        "weight": "410 g, $3.66/100g",
        "last_update": "2024-11-20",
        "storetype": "Loblaws",
        "member_price": "Prepared in Canada",
        "non_member_price": null,
        "desc_price": null,
        "temp_id": null,
        "tsv_title_brand": "'bar':5 'builder':1,3 'butter':8 'chocol':6 'clif':9 'peanut':7 'protein':2",
        "count": 0,
        "cart": false
    },
    {
        "id": "7075864",
        "category": "Bakery",
        "storeID": "4429",
        "productID": "21313143_EA",
        "title": "Sourdough English Muffins",
        "brand": "No Name",
        "regprice": null,
        "saleprice": "$2.00",
        "wasprice": "$2.99",
        "sale": "SAVE $0.99",
        "image": "https://assets.shop.loblaws.ca/products/21313143/b3/en/front/21313143_front_a06_@2.png",
        "point": null,
        "stock": null,
        "weight": "390 g, $0.51/100g",
        "last_update": "2024-11-20",
        "storetype": "Loblaws",
        "member_price": null,
        "non_member_price": null,
        "desc_price": null,
        "temp_id": null,
        "tsv_title_brand": "'english':2 'muffin':3 'name':5 'sourdough':1",
        "count": 0,
        "cart": false
    },
    {
        "id": "7069427",
        "category": "Snacks, Chips & Candy",
        "storeID": "4429",
        "productID": "21351847_EA",
        "title": "Chocolate Banana Granola Minis",
        "brand": "Made Good",
        "regprice": null,
        "saleprice": "$3.00",
        "wasprice": "$3.99",
        "sale": "SAVE $0.99",
        "image": "https://assets.shop.loblaws.ca/products/21351847/b3/en/front/21351847_front_a06_@2.png",
        "point": null,
        "stock": null,
        "weight": "24 g, $12.50/100g",
        "last_update": "2024-11-20",
        "storetype": "Loblaws",
        "member_price": null,
        "non_member_price": null,
        "desc_price": null,
        "temp_id": null,
        "tsv_title_brand": "'banana':2 'chocol':1 'good':6 'granola':3 'made':5 'mini':4",
        "count": 0,
        "cart": false
    },
    {
        "id": "7075247",
        "category": "Bakery",
        "storeID": "4429",
        "productID": "20978205_EA",
        "title": "Sliced Brioche Bread",
        "brand": "LA FOURNEE DOREE",
        "regprice": null,
        "saleprice": "$5.99",
        "wasprice": "$6.29",
        "sale": "SAVE $0.30",
        "image": "https://assets.shop.loblaws.ca/products/20978205/b3/en/front/20978205_front_a06_@2.png",
        "point": null,
        "stock": null,
        "weight": "500 g, $1.20/100g",
        "last_update": "2024-11-20",
        "storetype": "Loblaws",
        "member_price": null,
        "non_member_price": null,
        "desc_price": null,
        "temp_id": null,
        "tsv_title_brand": "'bread':3 'brioch':2 'dore':6 'fourne':5 'la':4 'slice':1",
        "count": 0,
        "cart": false
    },
    {
        "id": "7076032",
        "category": "Bakery",
        "storeID": "4429",
        "productID": "21297470_EA",
        "title": "Strawberry Rhubarb Pie, 8 Inch",
        "brand": null,
        "regprice": null,
        "saleprice": "$6.00",
        "wasprice": "$6.99",
        "sale": "SAVE $0.99",
        "image": "https://assets.shop.loblaws.ca/products/21297470/b3/en/front/21297470_front_a06_@2.png",
        "point": null,
        "stock": null,
        "weight": "680 g, $0.88/100g",
        "last_update": "2024-11-20",
        "storetype": "Loblaws",
        "member_price": null,
        "non_member_price": null,
        "desc_price": null,
        "temp_id": null,
        "tsv_title_brand": "'8':4 'inch':5 'pie':3 'rhubarb':2 'strawberri':1",
        "count": 0,
        "cart": false
    },
    {
        "id": "7075863",
        "category": "Bakery",
        "storeID": "4429",
        "productID": "21313145_EA",
        "title": "Whole Wheat English Muffins",
        "brand": "No Name",
        "regprice": null,
        "saleprice": "$2.00",
        "wasprice": "$2.99",
        "sale": "SAVE $0.99",
        "image": "https://assets.shop.loblaws.ca/products/21313145/b3/en/front/21313145_front_a06_@2.png",
        "point": null,
        "stock": null,
        "weight": "450 g, $0.44/100g",
        "last_update": "2024-11-20",
        "storetype": "Loblaws",
        "member_price": null,
        "non_member_price": null,
        "desc_price": null,
        "temp_id": null,
        "tsv_title_brand": "'english':3 'muffin':4 'name':6 'wheat':2 'whole':1",
        "count": 0,
        "cart": false
    },
    {
        "id": "7076105",
        "category": "Bakery",
        "storeID": "4429",
        "productID": "21297466_EA",
        "title": "Caramel Apple Pie, 8 Inch",
        "brand": null,
        "regprice": null,
        "saleprice": "$6.00",
        "wasprice": "$6.99",
        "sale": "SAVE $0.99",
        "image": "https://assets.shop.loblaws.ca/products/21297466/b3/en/front/21297466_front_a06_@2.png",
        "point": null,
        "stock": null,
        "weight": "680 g, $0.88/100g",
        "last_update": "2024-11-20",
        "storetype": "Loblaws",
        "member_price": null,
        "non_member_price": null,
        "desc_price": null,
        "temp_id": null,
        "tsv_title_brand": "'8':4 'appl':2 'caramel':1 'inch':5 'pie':3",
        "count": 0,
        "cart": false
    },
    {
        "id": "7072132",
        "category": "Frozen Food",
        "storeID": "4429",
        "productID": "21366879_EA",
        "title": "Yuzu Citrus Japanese-Style Cheesecake",
        "brand": "President's Choice",
        "regprice": null,
        "saleprice": "$10.99",
        "wasprice": "$11.49",
        "sale": "SAVE $0.50",
        "image": "https://assets.shop.loblaws.ca/products/21366879/b3/en/front/21366879_front_a06_@2.png",
        "point": null,
        "stock": null,
        "weight": "420 g, $2.62/100g",
        "last_update": "2024-11-20",
        "storetype": "Loblaws",
        "member_price": null,
        "non_member_price": null,
        "desc_price": null,
        "temp_id": null,
        "tsv_title_brand": "'cheesecak':6 'choic':9 'citrus':2 'japanes':4 'japanese-styl':3 'presid':7 'style':5 'yuzu':1",
        "count": 0,
        "cart": false
    },
    {
        "id": "7072039",
        "category": "Frozen Food",
        "storeID": "4429",
        "productID": "20147627_EA",
        "title": "Cherry-Topped New York-Style Cheesecake",
        "brand": "President's Choice",
        "regprice": null,
        "saleprice": "$10.99",
        "wasprice": "$11.49",
        "sale": "SAVE $0.50",
        "image": "https://assets.shop.loblaws.ca/products/20147627/b3/en/front/20147627_front_a06_@2.png",
        "point": null,
        "stock": null,
        "weight": "600 g, $1.83/100g",
        "last_update": "2024-11-20",
        "storetype": "Loblaws",
        "member_price": null,
        "non_member_price": null,
        "desc_price": null,
        "temp_id": null,
        "tsv_title_brand": "'cheesecak':8 'cherri':2 'cherry-top':1 'choic':11 'new':4 'presid':9 'style':7 'top':3 'york':6 'york-styl':5",
        "count": 0,
        "cart": false
    },
    {
        "id": "7077577",
        "category": "Drinks",
        "storeID": "4429",
        "productID": "21501027_EA",
        "title": "Dark Roast Instant & Microground Coffee",
        "brand": "President's Choice",
        "regprice": null,
        "saleprice": "$4.99",
        "wasprice": "$5.99",
        "sale": "SAVE $1.00",
        "image": "https://assets.shop.loblaws.ca/products/21501027/b3/en/front/21501027_front_a06_@2.png",
        "point": null,
        "stock": null,
        "weight": "100 g, $4.99/100g",
        "last_update": "2024-11-20",
        "storetype": "Loblaws",
        "member_price": null,
        "non_member_price": null,
        "desc_price": null,
        "temp_id": null,
        "tsv_title_brand": "'choic':8 'coffe':5 'dark':1 'instant':3 'microground':4 'presid':6 'roast':2",
        "count": 0,
        "cart": false
    },
    {
        "id": "7077664",
        "category": "Drinks",
        "storeID": "4429",
        "productID": "20161668_EA",
        "title": "Milo Chocolate Malt Beverage Mix",
        "brand": "Nestlé",
        "regprice": null,
        "saleprice": "$13.99",
        "wasprice": "$14.99",
        "sale": "SAVE $1.00",
        "image": "https://assets.shop.loblaws.ca/products/20161668/b3/en/front/20161668_front_a06_@2.png",
        "point": null,
        "stock": null,
        "weight": "900 g, $1.55/100g",
        "last_update": "2024-11-20",
        "storetype": "Loblaws",
        "member_price": null,
        "non_member_price": null,
        "desc_price": null,
        "temp_id": null,
        "tsv_title_brand": "'beverag':4 'chocol':2 'malt':3 'milo':1 'mix':5 'nestlé':6",
        "count": 0,
        "cart": false
    },
    {
        "id": "7077495",
        "category": "Drinks",
        "storeID": "4429",
        "productID": "21499826_EA",
        "title": "Espresso Instant Coffee",
        "brand": "President's Choice",
        "regprice": null,
        "saleprice": "$4.99",
        "wasprice": "$5.99",
        "sale": "SAVE $1.00",
        "image": "https://assets.shop.loblaws.ca/products/21499826/b3/en/front/21499826_front_a06_@2.png",
        "point": null,
        "stock": null,
        "weight": "80 g, $6.24/100g",
        "last_update": "2024-11-20",
        "storetype": "Loblaws",
        "member_price": null,
        "non_member_price": null,
        "desc_price": null,
        "temp_id": null,
        "tsv_title_brand": "'choic':6 'coffe':3 'espresso':1 'instant':2 'presid':4",
        "count": 0,
        "cart": false
    },
    {
        "id": "7077662",
        "category": "Drinks",
        "storeID": "4429",
        "productID": "20320167004_EA",
        "title": "Strawberry Syrup",
        "brand": "Nestlé",
        "regprice": null,
        "saleprice": "$6.49",
        "wasprice": "$7.99",
        "sale": "SAVE $1.50",
        "image": "https://assets.shop.loblaws.ca/products/20320167004/b3/en/front/20320167004_front_a06_@2.png",
        "point": null,
        "stock": null,
        "weight": "510 ml, $1.27/100ml",
        "last_update": "2024-11-20",
        "storetype": "Loblaws",
        "member_price": "Prepared in Canada",
        "non_member_price": null,
        "desc_price": null,
        "temp_id": null,
        "tsv_title_brand": "'nestlé':3 'strawberri':1 'syrup':2",
        "count": 0,
        "cart": false
    },
    {
        "id": "7077492",
        "category": "Drinks",
        "storeID": "4429",
        "productID": "21478021_EA",
        "title": "PC® The Great Canadian Maple Flavoured Fine Grind Coffee",
        "brand": "President's Choice",
        "regprice": null,
        "saleprice": "$7.00",
        "wasprice": "$7.50",
        "sale": "SAVE $0.50",
        "image": "https://assets.shop.loblaws.ca/products/21478021/b3/en/front/21478021_front_a06_@2.png",
        "point": null,
        "stock": null,
        "weight": "250 g, $2.80/100g",
        "last_update": "2024-11-20",
        "storetype": "Loblaws",
        "member_price": null,
        "non_member_price": null,
        "desc_price": null,
        "temp_id": null,
        "tsv_title_brand": "'canadian':4 'choic':12 'coffe':9 'fine':7 'flavour':6 'great':3 'grind':8 'mapl':5 'pc':1 'presid':10",
        "count": 0,
        "cart": false
    },
    {
        "id": "7077514",
        "category": "Drinks",
        "storeID": "4429",
        "productID": "21589798_EA",
        "title": "Qualità Rossa, Medium Roast, K-Cup Coffee Pods, 30 Count",
        "brand": "Lavazza",
        "regprice": null,
        "saleprice": "$19.99",
        "wasprice": "$23.99",
        "sale": "SAVE $4.00",
        "image": "https://assets.shop.loblaws.ca/products/21589798/b3/en/front/21589798_front_a06_@2.png",
        "point": "2,000 PC Optimum Points",
        "stock": null,
        "weight": "345 g, $5.79/100g",
        "last_update": "2024-11-20",
        "storetype": "Loblaws",
        "member_price": null,
        "non_member_price": null,
        "desc_price": null,
        "temp_id": null,
        "tsv_title_brand": "'30':10 'coffe':8 'count':11 'cup':7 'k':6 'k-cup':5 'lavazza':12 'medium':3 'pod':9 'qualità':1 'roast':4 'rossa':2",
        "count": 0,
        "cart": false
    },
    {
        "id": "7077766",
        "category": "Drinks",
        "storeID": "4429",
        "productID": "20318955003_EA",
        "title": "Clamato, Extra Spicy",
        "brand": "Mott's",
        "regprice": null,
        "saleprice": "$3.99",
        "wasprice": "$4.49",
        "sale": "SAVE $0.50",
        "image": "https://assets.shop.loblaws.ca/products/20318955003/b3/en/front/20318955003_front_a06_@2.png",
        "point": null,
        "stock": null,
        "weight": "1.89 l, $0.21/100ml",
        "last_update": "2024-11-20",
        "storetype": "Loblaws",
        "member_price": null,
        "non_member_price": null,
        "desc_price": null,
        "temp_id": null,
        "tsv_title_brand": "'clamato':1 'extra':2 'mott':4 'spici':3",
        "count": 0,
        "cart": false
    },
    {
        "id": "7077773",
        "category": "Drinks",
        "storeID": "4429",
        "productID": "20318955004_EA",
        "title": "Clamato, Lime",
        "brand": "Mott's",
        "regprice": null,
        "saleprice": "$3.99",
        "wasprice": "$4.49",
        "sale": "SAVE $0.50",
        "image": "https://assets.shop.loblaws.ca/products/20318955004/b3/en/front/20318955004_front_a06_@2.png",
        "point": null,
        "stock": null,
        "weight": "1.89 l, $0.21/100ml",
        "last_update": "2024-11-20",
        "storetype": "Loblaws",
        "member_price": null,
        "non_member_price": null,
        "desc_price": null,
        "temp_id": null,
        "tsv_title_brand": "'clamato':1 'lime':2 'mott':3",
        "count": 0,
        "cart": false
    },
    {
        "id": "7077831",
        "category": "Drinks",
        "storeID": "4429",
        "productID": "21006644_EA",
        "title": "Motts Clamato, Pickled Bean",
        "brand": "Mott's",
        "regprice": null,
        "saleprice": "$3.99",
        "wasprice": "$4.49",
        "sale": "SAVE $0.50",
        "image": "https://assets.shop.loblaws.ca/products/21006644/b3/en/front/21006644_front_a06_@2.png",
        "point": null,
        "stock": null,
        "weight": "1.89 l, $0.21/100ml",
        "last_update": "2024-11-20",
        "storetype": "Loblaws",
        "member_price": null,
        "non_member_price": null,
        "desc_price": null,
        "temp_id": null,
        "tsv_title_brand": "'bean':4 'clamato':2 'mott':1,5 'pickl':3",
        "count": 0,
        "cart": false
    },
    {
        "id": "7077830",
        "category": "Drinks",
        "storeID": "4429",
        "productID": "20300006004_EA",
        "title": "Diet Cranberry & Pomegranate Cocktail",
        "brand": "Ocean Spray",
        "regprice": null,
        "saleprice": "$3.99",
        "wasprice": "$4.49",
        "sale": "SAVE $0.50",
        "image": "https://assets.shop.loblaws.ca/products/20300006004/b3/en/front/20300006004_front_a06_@2.png",
        "point": null,
        "stock": null,
        "weight": "1.89 l, $0.21/100ml",
        "last_update": "2024-11-20",
        "storetype": "Loblaws",
        "member_price": null,
        "non_member_price": null,
        "desc_price": null,
        "temp_id": null,
        "tsv_title_brand": "'cocktail':4 'cranberri':2 'diet':1 'ocean':5 'pomegran':3 'spray':6",
        "count": 0,
        "cart": false
    },
    {
        "id": "7078009",
        "category": "Drinks",
        "storeID": "4429",
        "productID": "20310546004_C06",
        "title": "Diet Soda",
        "brand": "Pepsi",
        "regprice": null,
        "saleprice": "$4.00",
        "wasprice": "$6.00",
        "sale": "SAVE $2.00",
        "image": "https://assets.shop.loblaws.ca/products/20310546004/b3/en/front/20310546004_front_a06_@2.png",
        "point": null,
        "stock": null,
        "weight": "6x710.0 ml, $0.09/100ml",
        "last_update": "2024-11-20",
        "storetype": "Loblaws",
        "member_price": null,
        "non_member_price": null,
        "desc_price": null,
        "temp_id": null,
        "tsv_title_brand": "'diet':1 'pepsi':3 'soda':2",
        "count": 0,
        "cart": false
    },
    {
        "id": "7077657",
        "category": "Drinks",
        "storeID": "4429",
        "productID": "21012618_EA",
        "title": "Brand Sweetened Condensed Milk",
        "brand": "Eagle Brand",
        "regprice": null,
        "saleprice": "$4.49",
        "wasprice": "$5.29",
        "sale": "SAVE $0.80",
        "image": "https://assets.shop.loblaws.ca/products/21012618/b3/en/front/21012618_front_a06_@2.png",
        "point": null,
        "stock": null,
        "weight": "300 ml, $1.50/100ml",
        "last_update": "2024-11-20",
        "storetype": "Loblaws",
        "member_price": "Prepared in Canada",
        "non_member_price": null,
        "desc_price": null,
        "temp_id": null,
        "tsv_title_brand": "'brand':1,6 'condens':3 'eagl':5 'milk':4 'sweeten':2",
        "count": 0,
        "cart": false
    },
    {
        "id": "7077750",
        "category": "Drinks",
        "storeID": "4429",
        "productID": "21531646_EA",
        "title": "Orange Juice with Pulp",
        "brand": "President's Choice",
        "regprice": null,
        "saleprice": "$5.99",
        "wasprice": "$6.99",
        "sale": "SAVE $1.00",
        "image": "https://assets.shop.loblaws.ca/products/21531646/b3/en/front/21531646_front_a06_@2.png",
        "point": null,
        "stock": null,
        "weight": "2.5 l, $0.24/100ml",
        "last_update": "2024-11-20",
        "storetype": "Loblaws",
        "member_price": null,
        "non_member_price": null,
        "desc_price": null,
        "temp_id": null,
        "tsv_title_brand": "'choic':7 'juic':2 'orang':1 'presid':5 'pulp':4",
        "count": 0,
        "cart": false
    },
    {
        "id": "7078061",
        "category": "Drinks",
        "storeID": "4429",
        "productID": "20166206_EA",
        "title": "Drink, Grape",
        "brand": "Chubby",
        "regprice": null,
        "saleprice": "$0.50",
        "wasprice": "$0.69",
        "sale": "SAVE $0.19",
        "image": "https://assets.shop.loblaws.ca/products/20166206/b3/en/front/20166206_front_a06_@2.png",
        "point": null,
        "stock": null,
        "weight": "250 ml, $0.20/100ml",
        "last_update": "2024-11-20",
        "storetype": "Loblaws",
        "member_price": null,
        "non_member_price": null,
        "desc_price": null,
        "temp_id": null,
        "tsv_title_brand": "'chubbi':3 'drink':1 'grape':2",
        "count": 0,
        "cart": false
    },
    {
        "id": "7078003",
        "category": "Drinks",
        "storeID": "4429",
        "productID": "20310546005_C06",
        "title": "Max Zero Sugar Soda",
        "brand": "Pepsi",
        "regprice": null,
        "saleprice": "$4.00",
        "wasprice": "$6.00",
        "sale": "SAVE $2.00",
        "image": "https://assets.shop.loblaws.ca/products/20310546005/b3/en/front/20310546005_front_a06_@2.png",
        "point": null,
        "stock": null,
        "weight": "6x710.0 ml, $0.09/100ml",
        "last_update": "2024-11-20",
        "storetype": "Loblaws",
        "member_price": null,
        "non_member_price": null,
        "desc_price": null,
        "temp_id": null,
        "tsv_title_brand": "'max':1 'pepsi':5 'soda':4 'sugar':3 'zero':2",
        "count": 0,
        "cart": false
    },
    {
        "id": "7078004",
        "category": "Drinks",
        "storeID": "4429",
        "productID": "20569046_C06",
        "title": "Soda",
        "brand": "Mountain Dew",
        "regprice": null,
        "saleprice": "$4.00",
        "wasprice": "$6.00",
        "sale": "SAVE $2.00",
        "image": "https://assets.shop.loblaws.ca/products/20569046/b3/en/front/20569046_front_a06_@2.png",
        "point": null,
        "stock": null,
        "weight": "6x710.0 ml, $0.09/100ml",
        "last_update": "2024-11-20",
        "storetype": "Loblaws",
        "member_price": null,
        "non_member_price": null,
        "desc_price": null,
        "temp_id": null,
        "tsv_title_brand": "'dew':3 'mountain':2 'soda':1",
        "count": 0,
        "cart": false
    },
    {
        "id": "7078007",
        "category": "Drinks",
        "storeID": "4429",
        "productID": "20139955_EA",
        "title": "Classic Malt Beverage",
        "brand": "Vitamalt",
        "regprice": null,
        "saleprice": "$1.69",
        "wasprice": "$1.79",
        "sale": "SAVE $0.10",
        "image": "https://assets.shop.loblaws.ca/products/20139955/b3/en/front/20139955_front_a06_@2.png",
        "point": null,
        "stock": null,
        "weight": "330 ml, $0.51/100ml",
        "last_update": "2024-11-20",
        "storetype": "Loblaws",
        "member_price": null,
        "non_member_price": null,
        "desc_price": null,
        "temp_id": null,
        "tsv_title_brand": "'beverag':3 'classic':1 'malt':2 'vitamalt':4",
        "count": 0,
        "cart": false
    },
    {
        "id": "7078059",
        "category": "Drinks",
        "storeID": "4429",
        "productID": "20941724_EA",
        "title": "Pineapple Sunshine Soft Drink",
        "brand": "Chubby",
        "regprice": null,
        "saleprice": "$0.50",
        "wasprice": "$0.69",
        "sale": "SAVE $0.19",
        "image": "https://assets.shop.loblaws.ca/products/20941724/b3/en/front/20941724_front_a06_@2.png",
        "point": null,
        "stock": null,
        "weight": "250 ml, $0.20/100ml",
        "last_update": "2024-11-20",
        "storetype": "Loblaws",
        "member_price": null,
        "non_member_price": null,
        "desc_price": null,
        "temp_id": null,
        "tsv_title_brand": "'chubbi':5 'drink':4 'pineappl':1 'soft':3 'sunshin':2",
        "count": 0,
        "cart": false
    },
    {
        "id": "7078431",
        "category": "Drinks",
        "storeID": "4429",
        "productID": "20308680_EA",
        "title": "20ct Pure Peppermint",
        "brand": "Twinings",
        "regprice": null,
        "saleprice": "$4.99",
        "wasprice": "$5.99",
        "sale": "SAVE $1.00",
        "image": "https://assets.shop.loblaws.ca/products/20308680/b3/en/front/20308680_front_a06_@2.png",
        "point": null,
        "stock": null,
        "weight": "20 ea, $0.25/1ea",
        "last_update": "2024-11-20",
        "storetype": "Loblaws",
        "member_price": null,
        "non_member_price": null,
        "desc_price": null,
        "temp_id": null,
        "tsv_title_brand": "'20ct':1 'peppermint':3 'pure':2 'twine':4",
        "count": 0,
        "cart": false
    },
    {
        "id": "7078459",
        "category": "Drinks",
        "storeID": "4429",
        "productID": "21593473_EA",
        "title": "Orange Pekoe Black Tea",
        "brand": "Red Rose",
        "regprice": null,
        "saleprice": "$13.99",
        "wasprice": "$15.99",
        "sale": "SAVE $2.00",
        "image": "https://assets.shop.loblaws.ca/products/21593473/b3/en/front/21593473_front_a06_@2.png",
        "point": null,
        "stock": null,
        "weight": "216 ea, $0.06/1ea",
        "last_update": "2024-11-20",
        "storetype": "Loblaws",
        "member_price": null,
        "non_member_price": null,
        "desc_price": null,
        "temp_id": null,
        "tsv_title_brand": "'black':3 'orang':1 'peko':2 'red':5 'rose':6 'tea':4",
        "count": 0,
        "cart": false
    },
    {
        "id": "7078478",
        "category": "Drinks",
        "storeID": "4429",
        "productID": "20297618_EA",
        "title": "20ct Chai",
        "brand": "Twinings",
        "regprice": null,
        "saleprice": "$4.99",
        "wasprice": "$5.99",
        "sale": "SAVE $1.00",
        "image": "https://assets.shop.loblaws.ca/products/20297618/b3/en/front/20297618_front_a06_@2.png",
        "point": null,
        "stock": null,
        "weight": "20 ea, $0.25/1ea",
        "last_update": "2024-11-20",
        "storetype": "Loblaws",
        "member_price": null,
        "non_member_price": null,
        "desc_price": null,
        "temp_id": null,
        "tsv_title_brand": "'20ct':1 'chai':2 'twine':3",
        "count": 0,
        "cart": false
    },
    {
        "id": "7078526",
        "category": "Drinks",
        "storeID": "4429",
        "productID": "20300740001_EA",
        "title": "20ct Lemon & Ginger",
        "brand": "Twinings",
        "regprice": null,
        "saleprice": "$4.99",
        "wasprice": "$5.99",
        "sale": "SAVE $1.00",
        "image": "https://assets.shop.loblaws.ca/products/20300740001/b3/en/front/20300740001_front_a06_@2.png",
        "point": null,
        "stock": null,
        "weight": "20 ea, $0.25/1ea",
        "last_update": "2024-11-20",
        "storetype": "Loblaws",
        "member_price": null,
        "non_member_price": null,
        "desc_price": null,
        "temp_id": null,
        "tsv_title_brand": "'20ct':1 'ginger':3 'lemon':2 'twine':4",
        "count": 0,
        "cart": false
    },
    {
        "id": "7078464",
        "category": "Drinks",
        "storeID": "4429",
        "productID": "21398805_EA",
        "title": "Marshmallow Hot Chocolate Canister",
        "brand": "Carnation",
        "regprice": null,
        "saleprice": "$6.00",
        "wasprice": "$7.00",
        "sale": "SAVE $1.00",
        "image": "https://assets.shop.loblaws.ca/products/21398805/b3/en/front/21398805_front_a06_@2.png",
        "point": null,
        "stock": null,
        "weight": "450 g, $1.33/100g",
        "last_update": "2024-11-20",
        "storetype": "Loblaws",
        "member_price": null,
        "non_member_price": null,
        "desc_price": null,
        "temp_id": null,
        "tsv_title_brand": "'canist':4 'carnat':5 'chocol':3 'hot':2 'marshmallow':1",
        "count": 0,
        "cart": false
    },
    {
        "id": "7078522",
        "category": "Drinks",
        "storeID": "4429",
        "productID": "21397872_EA",
        "title": "Aero S'Mores Hot Chocolate, Envelopes",
        "brand": "Carnation",
        "regprice": null,
        "saleprice": "$6.00",
        "wasprice": "$6.49",
        "sale": "SAVE $0.49",
        "image": "https://assets.shop.loblaws.ca/products/21397872/b3/en/front/21397872_front_a06_@2.png",
        "point": null,
        "stock": null,
        "weight": "175 g, $3.43/100g",
        "last_update": "2024-11-20",
        "storetype": "Loblaws",
        "member_price": null,
        "non_member_price": null,
        "desc_price": null,
        "temp_id": null,
        "tsv_title_brand": "'aero':1 'carnat':7 'chocol':5 'envelop':6 'hot':4 'more':3",
        "count": 0,
        "cart": false
    },
    {
        "id": "7078479",
        "category": "Drinks",
        "storeID": "4429",
        "productID": "21480223_EA",
        "title": "Black Tea Earl Grey Decaffeinated",
        "brand": "Tetley",
        "regprice": null,
        "saleprice": "$6.99",
        "wasprice": "$7.99",
        "sale": "SAVE $1.00",
        "image": "https://assets.shop.loblaws.ca/products/21480223/b3/en/front/21480223_front_a06_@2.png",
        "point": null,
        "stock": null,
        "weight": "96 g, $7.28/100g",
        "last_update": "2024-11-20",
        "storetype": "Loblaws",
        "member_price": null,
        "non_member_price": null,
        "desc_price": null,
        "temp_id": null,
        "tsv_title_brand": "'black':1 'decaffein':5 'earl':3 'grey':4 'tea':2 'tetley':6",
        "count": 0,
        "cart": false
    },
    {
        "id": "7078521",
        "category": "Drinks",
        "storeID": "4429",
        "productID": "21427766_EA",
        "title": "Individual Tea Bags Sealed For Freshness English Breakfast",
        "brand": "Twinings",
        "regprice": null,
        "saleprice": "$13.99",
        "wasprice": "$17.99",
        "sale": "SAVE $4.00",
        "image": "https://assets.shop.loblaws.ca/products/21427766/b3/en/front/21427766_front_a06_@2.png",
        "point": null,
        "stock": null,
        "weight": "100 ea, $0.14/1ea",
        "last_update": "2024-11-20",
        "storetype": "Loblaws",
        "member_price": null,
        "non_member_price": null,
        "desc_price": null,
        "temp_id": null,
        "tsv_title_brand": "'bag':3 'breakfast':8 'english':7 'fresh':6 'individu':1 'seal':4 'tea':2 'twine':9",
        "count": 0,
        "cart": false
    },
    {
        "id": "7078535",
        "category": "Drinks",
        "storeID": "4429",
        "productID": "21549129_EA",
        "title": "The Decadent Hot Chocolate Mix",
        "brand": "President's Choice",
        "regprice": null,
        "saleprice": "$4.99",
        "wasprice": "$6.49",
        "sale": "SAVE $1.50",
        "image": "https://assets.shop.loblaws.ca/products/21549129/b3/en/front/21549129_front_a06_@2.png",
        "point": null,
        "stock": null,
        "weight": "450 g, $1.11/100g",
        "last_update": "2024-11-20",
        "storetype": "Loblaws",
        "member_price": null,
        "non_member_price": null,
        "desc_price": null,
        "temp_id": null,
        "tsv_title_brand": "'chocol':4 'choic':8 'decad':2 'hot':3 'mix':5 'presid':6",
        "count": 0,
        "cart": false
    },
    {
        "id": "7078460",
        "category": "Drinks",
        "storeID": "4429",
        "productID": "20308033001_EA",
        "title": "20ct Earl Grey",
        "brand": "Twinings",
        "regprice": null,
        "saleprice": "$4.99",
        "wasprice": "$5.99",
        "sale": "SAVE $1.00",
        "image": "https://assets.shop.loblaws.ca/products/20308033001/b3/en/front/20308033001_front_a06_@2.png",
        "point": null,
        "stock": null,
        "weight": "20 ea, $0.25/1ea",
        "last_update": "2024-11-20",
        "storetype": "Loblaws",
        "member_price": null,
        "non_member_price": null,
        "desc_price": null,
        "temp_id": null,
        "tsv_title_brand": "'20ct':1 'earl':2 'grey':3 'twine':4",
        "count": 0,
        "cart": false
    },
    {
        "id": "7078524",
        "category": "Drinks",
        "storeID": "4429",
        "productID": "20300740005_EA",
        "title": "Tea, Pomegranate & Raspberry Herbal",
        "brand": "Twinings",
        "regprice": null,
        "saleprice": "$4.99",
        "wasprice": "$5.99",
        "sale": "SAVE $1.00",
        "image": "https://assets.shop.loblaws.ca/products/20300740005/b3/en/front/20300740005_front_a06_@2.png",
        "point": null,
        "stock": null,
        "weight": "20 ea, $0.25/1ea",
        "last_update": "2024-11-20",
        "storetype": "Loblaws",
        "member_price": null,
        "non_member_price": null,
        "desc_price": null,
        "temp_id": null,
        "tsv_title_brand": "'herbal':4 'pomegran':2 'raspberri':3 'tea':1 'twine':5",
        "count": 0,
        "cart": false
    },
    {
        "id": "7078481",
        "category": "Drinks",
        "storeID": "4429",
        "productID": "21308120_EA",
        "title": "Creamy Vanilla Earl Grey Tea",
        "brand": "Twinings",
        "regprice": null,
        "saleprice": "$4.99",
        "wasprice": "$5.99",
        "sale": "SAVE $1.00",
        "image": "https://assets.shop.loblaws.ca/products/21308120/b3/en/front/21308120_front_a06_@2.png",
        "point": null,
        "stock": null,
        "weight": "20 ea, $0.25/1ea",
        "last_update": "2024-11-20",
        "storetype": "Loblaws",
        "member_price": null,
        "non_member_price": null,
        "desc_price": null,
        "temp_id": null,
        "tsv_title_brand": "'creami':1 'earl':3 'grey':4 'tea':5 'twine':6 'vanilla':2",
        "count": 0,
        "cart": false
    },
    {
        "id": "7078515",
        "category": "Drinks",
        "storeID": "4429",
        "productID": "21308027_EA",
        "title": "Wild Sweet Orange Tea",
        "brand": "Tazo",
        "regprice": null,
        "saleprice": "$4.99",
        "wasprice": "$6.99",
        "sale": "SAVE $2.00",
        "image": "https://assets.shop.loblaws.ca/products/21308027/b3/en/front/21308027_front_a06_@2.png",
        "point": null,
        "stock": null,
        "weight": "20 ea, $0.25/1ea",
        "last_update": "2024-11-20",
        "storetype": "Loblaws",
        "member_price": null,
        "non_member_price": null,
        "desc_price": null,
        "temp_id": null,
        "tsv_title_brand": "'orang':3 'sweet':2 'tazo':5 'tea':4 'wild':1",
        "count": 0,
        "cart": false
    },
    {
        "id": "7078382",
        "category": "Drinks",
        "storeID": "4429",
        "productID": "21607613_EA",
        "title": "Black Sugar Matcha Latte",
        "brand": "OKF",
        "regprice": null,
        "saleprice": "$2.99",
        "wasprice": "$3.29",
        "sale": "SAVE $0.30",
        "image": "https://assets.shop.loblaws.ca/products/21607613/b3/en/front/21607613_front_a06_@2.png",
        "point": null,
        "stock": null,
        "weight": "390 ml, $0.77/100ml",
        "last_update": "2024-11-20",
        "storetype": "Loblaws",
        "member_price": null,
        "non_member_price": null,
        "desc_price": null,
        "temp_id": null,
        "tsv_title_brand": "'black':1 'latt':4 'matcha':3 'okf':5 'sugar':2",
        "count": 0,
        "cart": false
    },
    {
        "id": "7078469",
        "category": "Drinks",
        "storeID": "4429",
        "productID": "21308145_EA",
        "title": "Organic Chai Te Bag",
        "brand": "Tazo",
        "regprice": null,
        "saleprice": "$4.99",
        "wasprice": "$6.99",
        "sale": "SAVE $2.00",
        "image": "https://assets.shop.loblaws.ca/products/21308145/b3/en/front/21308145_front_a06_@2.png",
        "point": null,
        "stock": null,
        "weight": "20 ea, $0.25/1ea",
        "last_update": "2024-11-20",
        "storetype": "Loblaws",
        "member_price": null,
        "non_member_price": null,
        "desc_price": null,
        "temp_id": null,
        "tsv_title_brand": "'bag':4 'chai':2 'organ':1 'tazo':5 'te':3",
        "count": 0,
        "cart": false
    },
    {
        "id": "7078514",
        "category": "Drinks",
        "storeID": "4429",
        "productID": "21041744_EA",
        "title": "Hot Chocolate",
        "brand": "Carnation",
        "regprice": null,
        "saleprice": "$6.00",
        "wasprice": "$6.49",
        "sale": "SAVE $0.49",
        "image": "https://assets.shop.loblaws.ca/products/21041744/b3/en/front/21041744_front_a06_@2.png",
        "point": null,
        "stock": null,
        "weight": "25 g, $2.40/100g",
        "last_update": "2024-11-20",
        "storetype": "Loblaws",
        "member_price": "Prepared in Canada",
        "non_member_price": null,
        "desc_price": null,
        "temp_id": null,
        "tsv_title_brand": "'carnat':3 'chocol':2 'hot':1",
        "count": 0,
        "cart": false
    },
    {
        "id": "7078579",
        "category": "Drinks",
        "storeID": "4429",
        "productID": "21590669_C06",
        "title": "M'AQUA Mojito Cocktail Flavoured Sparkling Water",
        "brand": "President's Choice",
        "regprice": null,
        "saleprice": "$4.50",
        "wasprice": "$6.29",
        "sale": "SAVE $1.79",
        "image": "https://assets.shop.loblaws.ca/products/21590669/b3/en/front/21590669_front_a06_@2.png",
        "point": null,
        "stock": null,
        "weight": "6x355.0 ml, $0.21/100ml",
        "last_update": "2024-11-20",
        "storetype": "Loblaws",
        "member_price": null,
        "non_member_price": null,
        "desc_price": null,
        "temp_id": null,
        "tsv_title_brand": "'aqua':2 'choic':10 'cocktail':4 'flavour':5 'm':1 'mojito':3 'presid':8 'sparkl':6 'water':7",
        "count": 0,
        "cart": false
    },
    {
        "id": "7078629",
        "category": "Drinks",
        "storeID": "4429",
        "productID": "21590813_C06",
        "title": "M'AQUA Tequila Sunrise Cocktail Flavoured Sparkling Water",
        "brand": "President's Choice",
        "regprice": null,
        "saleprice": "$4.50",
        "wasprice": "$6.29",
        "sale": "SAVE $1.79",
        "image": "https://assets.shop.loblaws.ca/products/21590813/b3/en/front/21590813_front_a06_@2.png",
        "point": null,
        "stock": null,
        "weight": "6x355.0 ml, $0.21/100ml",
        "last_update": "2024-11-20",
        "storetype": "Loblaws",
        "member_price": null,
        "non_member_price": null,
        "desc_price": null,
        "temp_id": null,
        "tsv_title_brand": "'aqua':2 'choic':11 'cocktail':5 'flavour':6 'm':1 'presid':9 'sparkl':7 'sunris':4 'tequila':3 'water':8",
        "count": 0,
        "cart": false
    },
    {
        "id": "7078430",
        "category": "Drinks",
        "storeID": "4429",
        "productID": "21308134_EA",
        "title": "English Breakfast Tea Bag",
        "brand": "Tazo",
        "regprice": null,
        "saleprice": "$4.99",
        "wasprice": "$6.99",
        "sale": "SAVE $2.00",
        "image": "https://assets.shop.loblaws.ca/products/21308134/b3/en/front/21308134_front_a06_@2.png",
        "point": null,
        "stock": null,
        "weight": "20 ea, $0.25/1ea",
        "last_update": "2024-11-20",
        "storetype": "Loblaws",
        "member_price": null,
        "non_member_price": null,
        "desc_price": null,
        "temp_id": null,
        "tsv_title_brand": "'bag':4 'breakfast':2 'english':1 'tazo':5 'tea':3",
        "count": 0,
        "cart": false
    },
    {
        "id": "7078527",
        "category": "Drinks",
        "storeID": "4429",
        "productID": "21397883_EA",
        "title": "Variety Pack Hot Chocolate Envelopes",
        "brand": "Carnation",
        "regprice": null,
        "saleprice": "$6.00",
        "wasprice": "$6.49",
        "sale": "SAVE $0.49",
        "image": "https://assets.shop.loblaws.ca/products/21397883/b3/en/front/21397883_front_a06_@2.png",
        "point": null,
        "stock": null,
        "weight": "175 g, $3.43/100g",
        "last_update": "2024-11-20",
        "storetype": "Loblaws",
        "member_price": null,
        "non_member_price": null,
        "desc_price": null,
        "temp_id": null,
        "tsv_title_brand": "'carnat':6 'chocol':4 'envelop':5 'hot':3 'pack':2 'varieti':1",
        "count": 0,
        "cart": false
    },
    {
        "id": "7078531",
        "category": "Drinks",
        "storeID": "4429",
        "productID": "21480613_EA",
        "title": "Dark Chocolate Peppermint Candy Hot Cocoa Mix",
        "brand": "President's Choice",
        "regprice": null,
        "saleprice": "$4.99",
        "wasprice": "$5.99",
        "sale": "SAVE $1.00",
        "image": "https://assets.shop.loblaws.ca/products/21480613/b3/en/front/21480613_front_a06_@2.png",
        "point": null,
        "stock": null,
        "weight": "500 g, $1.00/100g",
        "last_update": "2024-11-20",
        "storetype": "Loblaws",
        "member_price": null,
        "non_member_price": null,
        "desc_price": null,
        "temp_id": null,
        "tsv_title_brand": "'candi':4 'chocol':2 'choic':10 'cocoa':6 'dark':1 'hot':5 'mix':7 'peppermint':3 'presid':8",
        "count": 0,
        "cart": false
    },
    {
        "id": "7078466",
        "category": "Drinks",
        "storeID": "4429",
        "productID": "20303755001_EA",
        "title": "20ct Pure Camomile",
        "brand": "Twinings",
        "regprice": null,
        "saleprice": "$4.99",
        "wasprice": "$5.99",
        "sale": "SAVE $1.00",
        "image": "https://assets.shop.loblaws.ca/products/20303755001/b3/en/front/20303755001_front_a06_@2.png",
        "point": null,
        "stock": null,
        "weight": "20 ea, $0.25/1ea",
        "last_update": "2024-11-20",
        "storetype": "Loblaws",
        "member_price": null,
        "non_member_price": null,
        "desc_price": null,
        "temp_id": null,
        "tsv_title_brand": "'20ct':1 'camomil':3 'pure':2 'twine':4",
        "count": 0,
        "cart": false
    },
    {
        "id": "7078520",
        "category": "Drinks",
        "storeID": "4429",
        "productID": "21125237_EA",
        "title": "Chocolate Milk Mix",
        "brand": "President's Choice",
        "regprice": null,
        "saleprice": "$4.99",
        "wasprice": "$5.99",
        "sale": "SAVE $1.00",
        "image": "https://assets.shop.loblaws.ca/products/21125237/b3/en/front/21125237_front_a06_@2.png",
        "point": null,
        "stock": null,
        "weight": "750 g, $0.67/100g",
        "last_update": "2024-11-20",
        "storetype": "Loblaws",
        "member_price": "Prepared in Canada",
        "non_member_price": null,
        "desc_price": null,
        "temp_id": null,
        "tsv_title_brand": "'chocol':1 'choic':6 'milk':2 'mix':3 'presid':4",
        "count": 0,
        "cart": false
    },
    {
        "id": "7078529",
        "category": "Drinks",
        "storeID": "4429",
        "productID": "20698591_EA",
        "title": "Tea, Camomile, Honey & Vanilla Herbal",
        "brand": "Twinings",
        "regprice": null,
        "saleprice": "$4.99",
        "wasprice": "$5.99",
        "sale": "SAVE $1.00",
        "image": "https://assets.shop.loblaws.ca/products/20698591/b3/en/front/20698591_front_a06_@2.png",
        "point": null,
        "stock": null,
        "weight": "20 ea, $0.25/1ea",
        "last_update": "2024-11-20",
        "storetype": "Loblaws",
        "member_price": null,
        "non_member_price": null,
        "desc_price": null,
        "temp_id": null,
        "tsv_title_brand": "'camomil':2 'herbal':5 'honey':3 'tea':1 'twine':6 'vanilla':4",
        "count": 0,
        "cart": false
    },
    {
        "id": "7078584",
        "category": "Drinks",
        "storeID": "4429",
        "productID": "21604136_C04",
        "title": "MAISON PERRIER Chic Peach Spritzer, Non-Alcoholic, 4-Pack",
        "brand": "Perrier",
        "regprice": null,
        "saleprice": "$7.99",
        "wasprice": "$9.99",
        "sale": "SAVE $2.00",
        "image": "https://assets.shop.loblaws.ca/products/21604136/b3/en/front/21604136_front_a06_@2.png",
        "point": null,
        "stock": null,
        "weight": "4x250.0 ml, $0.80/100ml",
        "last_update": "2024-11-20",
        "storetype": "Loblaws",
        "member_price": null,
        "non_member_price": null,
        "desc_price": null,
        "temp_id": null,
        "tsv_title_brand": "'4':9 'alcohol':8 'chic':3 'maison':1 'non':7 'non-alcohol':6 'pack':10 'peach':4 'perrier':2,11 'spritzer':5",
        "count": 0,
        "cart": false
    },
    {
        "id": "7078687",
        "category": "Drinks",
        "storeID": "4429",
        "productID": "21100011_C06",
        "title": "Alcohol Free Beer with Natural Flavours",
        "brand": "Heineken",
        "regprice": null,
        "saleprice": "$10.99",
        "wasprice": "$13.99",
        "sale": "SAVE $3.00",
        "image": "https://assets.shop.loblaws.ca/products/21100011/b3/en/front/21100011_front_a06_@2.png",
        "point": null,
        "stock": null,
        "weight": "6x330.0 ml, $0.56/100ml",
        "last_update": "2024-11-20",
        "storetype": "Loblaws",
        "member_price": null,
        "non_member_price": null,
        "desc_price": null,
        "temp_id": null,
        "tsv_title_brand": "'alcohol':1 'beer':3 'flavour':6 'free':2 'heineken':7 'natur':5",
        "count": 0,
        "cart": false
    },
    {
        "id": "7078523",
        "category": "Drinks",
        "storeID": "4429",
        "productID": "21295930_EA",
        "title": "Chai Latte Tea Concentrate",
        "brand": "Tazo",
        "regprice": null,
        "saleprice": "$6.99",
        "wasprice": "$9.99",
        "sale": "SAVE $3.00",
        "image": "https://assets.shop.loblaws.ca/products/21295930/b3/en/front/21295930_front_a06_@2.png",
        "point": null,
        "stock": null,
        "weight": "946 ml, $0.74/100ml",
        "last_update": "2024-11-20",
        "storetype": "Loblaws",
        "member_price": null,
        "non_member_price": null,
        "desc_price": null,
        "temp_id": null,
        "tsv_title_brand": "'chai':1 'concentr':4 'latt':2 'tazo':5 'tea':3",
        "count": 0,
        "cart": false
    },
    {
        "id": "7078686",
        "category": "Drinks",
        "storeID": "4429",
        "productID": "21099500_C06",
        "title": "Alcohol Free Beer Bottles with Natural Flavours",
        "brand": "Heineken",
        "regprice": null,
        "saleprice": "$10.99",
        "wasprice": "$13.99",
        "sale": "SAVE $3.00",
        "image": "https://assets.shop.loblaws.ca/products/21099500/b3/en/front/21099500_front_a06_@2.png",
        "point": null,
        "stock": null,
        "weight": "6x330.0 ml, $0.56/100ml",
        "last_update": "2024-11-20",
        "storetype": "Loblaws",
        "member_price": null,
        "non_member_price": null,
        "desc_price": null,
        "temp_id": null,
        "tsv_title_brand": "'alcohol':1 'beer':3 'bottl':4 'flavour':7 'free':2 'heineken':8 'natur':6",
        "count": 0,
        "cart": false
    },
    {
        "id": "7078688",
        "category": "Drinks",
        "storeID": "4429",
        "productID": "21471294_C04",
        "title": "Non-Alcoholic Cocktail Mojito",
        "brand": "Above",
        "regprice": null,
        "saleprice": "$10.49",
        "wasprice": "$10.99",
        "sale": "SAVE $0.50",
        "image": "https://assets.shop.loblaws.ca/products/21471294/b3/en/front/21471294_front_a06_@2.png",
        "point": null,
        "stock": null,
        "weight": "4x355.0 ml, $0.74/100ml",
        "last_update": "2024-11-20",
        "storetype": "Loblaws",
        "member_price": null,
        "non_member_price": null,
        "desc_price": null,
        "temp_id": null,
        "tsv_title_brand": "'alcohol':3 'cocktail':4 'mojito':5 'non':2 'non-alcohol':1",
        "count": 0,
        "cart": false
    },
    {
        "id": "7078682",
        "category": "Drinks",
        "storeID": "4429",
        "productID": "21589335_C04",
        "title": "IPA Low-Alcohol Beer (Less Than 0.5% Alc./Vol.)",
        "brand": "President's Choice",
        "regprice": null,
        "saleprice": "$6.00",
        "wasprice": "$6.49",
        "sale": "SAVE $0.49",
        "image": "https://assets.shop.loblaws.ca/products/21589335/b3/en/front/21589335_front_a06_@2.png",
        "point": null,
        "stock": null,
        "weight": "4x355.0 ml, $0.42/100ml",
        "last_update": "2024-11-20",
        "storetype": "Loblaws",
        "member_price": null,
        "non_member_price": null,
        "desc_price": null,
        "temp_id": null,
        "tsv_title_brand": "'./vol':10 '0.5':8 'alc':9 'alcohol':4 'beer':5 'choic':13 'ipa':1 'less':6 'low':3 'low-alcohol':2 'presid':11",
        "count": 0,
        "cart": false
    },
    {
        "id": "7078684",
        "category": "Drinks",
        "storeID": "4429",
        "productID": "21105236_C12",
        "title": "Edge Non-Alcoholic Beer with Natural Flavours Double Brewed",
        "brand": "Coors",
        "regprice": null,
        "saleprice": "$15.99",
        "wasprice": "$19.99",
        "sale": "SAVE $4.00",
        "image": "https://assets.shop.loblaws.ca/products/21105236/b3/en/front/21105236_front_a06_@2.png",
        "point": null,
        "stock": null,
        "weight": "12x355.0 ml, $0.38/100ml",
        "last_update": "2024-11-20",
        "storetype": "Loblaws",
        "member_price": "Prepared in Canada",
        "non_member_price": null,
        "desc_price": null,
        "temp_id": null,
        "tsv_title_brand": "'alcohol':4 'beer':5 'brew':10 'coor':11 'doubl':9 'edg':1 'flavour':8 'natur':7 'non':3 'non-alcohol':2",
        "count": 0,
        "cart": false
    },
    {
        "id": "7078884",
        "category": "Deli",
        "storeID": "4429",
        "productID": "21099391_EA",
        "title": "Pepperoni Original",
        "brand": "Pillers",
        "regprice": null,
        "saleprice": "$10.99",
        "wasprice": "$12.49",
        "sale": "SAVE $1.50",
        "image": "https://assets.shop.loblaws.ca/products/21099391/b3/en/front/21099391_front_a06_@2.png",
        "point": null,
        "stock": null,
        "weight": "500 g, $2.20/100g",
        "last_update": "2024-11-20",
        "storetype": "Loblaws",
        "member_price": "Prepared in Canada",
        "non_member_price": null,
        "desc_price": null,
        "temp_id": null,
        "tsv_title_brand": "'origin':2 'pepperoni':1 'piller':3",
        "count": 0,
        "cart": false
    },
    {
        "id": "7078681",
        "category": "Drinks",
        "storeID": "4429",
        "productID": "21589408_C04",
        "title": "Dark Ale Low Alcohol Beer (Less Than 0.5% Alc./Vol.)",
        "brand": "President's Choice",
        "regprice": null,
        "saleprice": "$6.00",
        "wasprice": "$6.49",
        "sale": "SAVE $0.49",
        "image": "https://assets.shop.loblaws.ca/products/21589408/b3/en/front/21589408_front_a06_@2.png",
        "point": null,
        "stock": null,
        "weight": "4x355.0 ml, $0.42/100ml",
        "last_update": "2024-11-20",
        "storetype": "Loblaws",
        "member_price": null,
        "non_member_price": null,
        "desc_price": null,
        "temp_id": null,
        "tsv_title_brand": "'./vol':10 '0.5':8 'alc':9 'alcohol':4 'ale':2 'beer':5 'choic':13 'dark':1 'less':6 'low':3 'presid':11",
        "count": 0,
        "cart": false
    },
    {
        "id": "7078691",
        "category": "Drinks",
        "storeID": "4429",
        "productID": "21490673_C04",
        "title": "Non-Alcoholic Beer Dry Run Pale Ale Electrolytes",
        "brand": "Rally",
        "regprice": null,
        "saleprice": "$7.49",
        "wasprice": "$8.99",
        "sale": "SAVE $1.50",
        "image": "https://assets.shop.loblaws.ca/products/21490673/b3/en/front/21490673_front_a06_@2.png",
        "point": null,
        "stock": null,
        "weight": "1420 ml, $0.53/100ml",
        "last_update": "2024-11-20",
        "storetype": "Loblaws",
        "member_price": null,
        "non_member_price": null,
        "desc_price": null,
        "temp_id": null,
        "tsv_title_brand": "'alcohol':3 'ale':8 'beer':4 'dri':5 'electrolyt':9 'non':2 'non-alcohol':1 'pale':7 'ralli':10 'run':6",
        "count": 0,
        "cart": false
    },
    {
        "id": "7078836",
        "category": "Deli",
        "storeID": "4429",
        "productID": "21337298_EA",
        "title": "Spicy Pepperoni",
        "brand": "Pillers",
        "regprice": null,
        "saleprice": "$6.99",
        "wasprice": "$8.99",
        "sale": "SAVE $2.00",
        "image": "https://assets.shop.loblaws.ca/products/21337298/b3/en/front/21337298_front_a06_@2.png",
        "point": null,
        "stock": null,
        "weight": "250 g, $2.80/100g",
        "last_update": "2024-11-20",
        "storetype": "Loblaws",
        "member_price": null,
        "non_member_price": null,
        "desc_price": null,
        "temp_id": null,
        "tsv_title_brand": "'pepperoni':2 'piller':3 'spici':1",
        "count": 0,
        "cart": false
    },
    {
        "id": "7078879",
        "category": "Deli",
        "storeID": "4429",
        "productID": "20615249_EA",
        "title": "Pepperoni Original",
        "brand": "Pillers",
        "regprice": null,
        "saleprice": "$10.99",
        "wasprice": "$12.49",
        "sale": "SAVE $1.50",
        "image": "https://assets.shop.loblaws.ca/products/20615249/b3/en/front/20615249_front_a06_@2.png",
        "point": null,
        "stock": null,
        "weight": "375 g, $29.31/1kg $2.93/100g",
        "last_update": "2024-11-20",
        "storetype": "Loblaws",
        "member_price": null,
        "non_member_price": null,
        "desc_price": null,
        "temp_id": null,
        "tsv_title_brand": "'origin':2 'pepperoni':1 'piller':3",
        "count": 0,
        "cart": false
    },
    {
        "id": "7078912",
        "category": "Deli",
        "storeID": "4429",
        "productID": "21455310_EA",
        "title": "Char Red Wine Salami",
        "brand": "Pillers",
        "regprice": null,
        "saleprice": "$6.99",
        "wasprice": "$8.99",
        "sale": "SAVE $2.00",
        "image": "https://assets.shop.loblaws.ca/products/21455310/b3/en/front/21455310_front_a06_@2.png",
        "point": null,
        "stock": null,
        "weight": "125 g, $5.59/100g",
        "last_update": "2024-11-20",
        "storetype": "Loblaws",
        "member_price": null,
        "non_member_price": null,
        "desc_price": null,
        "temp_id": null,
        "tsv_title_brand": "'char':1 'piller':5 'red':2 'salami':4 'wine':3",
        "count": 0,
        "cart": false
    },
    {
        "id": "7078685",
        "category": "Drinks",
        "storeID": "4429",
        "productID": "20080645_C06",
        "title": "Non-Alcoholic Beer",
        "brand": "Becks",
        "regprice": null,
        "saleprice": "$11.99",
        "wasprice": "$13.99",
        "sale": "SAVE $2.00",
        "image": "https://assets.shop.loblaws.ca/products/20080645/b3/en/front/20080645_front_a06_@2.png",
        "point": null,
        "stock": null,
        "weight": "6x330.0 ml, $0.61/100ml",
        "last_update": "2024-11-20",
        "storetype": "Loblaws",
        "member_price": null,
        "non_member_price": null,
        "desc_price": null,
        "temp_id": null,
        "tsv_title_brand": "'alcohol':3 'beck':5 'beer':4 'non':2 'non-alcohol':1",
        "count": 0,
        "cart": false
    },
    {
        "id": "7078835",
        "category": "Deli",
        "storeID": "4429",
        "productID": "21603095_EA",
        "title": "Buffalo-Style Chicken Breast Strips",
        "brand": "Ziggy's",
        "regprice": null,
        "saleprice": "$7.00",
        "wasprice": "$8.00",
        "sale": "SAVE $1.00",
        "image": "https://assets.shop.loblaws.ca/products/21603095/b3/en/front/21603095_front_a06_@2.png",
        "point": null,
        "stock": null,
        "weight": "200 g, $3.50/100g",
        "last_update": "2024-11-20",
        "storetype": "Loblaws",
        "member_price": null,
        "non_member_price": null,
        "desc_price": null,
        "temp_id": null,
        "tsv_title_brand": "'breast':5 'buffalo':2 'buffalo-styl':1 'chicken':4 'strip':6 'style':3 'ziggi':7",
        "count": 0,
        "cart": false
    },
    {
        "id": "7078910",
        "category": "Deli",
        "storeID": "4429",
        "productID": "21170544_EA",
        "title": "Tuscan Style Salami Sticks Dry Cured",
        "brand": "Pillers",
        "regprice": null,
        "saleprice": "$10.99",
        "wasprice": "$12.49",
        "sale": "SAVE $1.50",
        "image": "https://assets.shop.loblaws.ca/products/21170544/b3/en/front/21170544_front_a06_@2.png",
        "point": null,
        "stock": null,
        "weight": "300 g, $3.66/100g",
        "last_update": "2024-11-20",
        "storetype": "Loblaws",
        "member_price": "Prepared in Canada",
        "non_member_price": null,
        "desc_price": null,
        "temp_id": null,
        "tsv_title_brand": "'cure':6 'dri':5 'piller':7 'salami':3 'stick':4 'style':2 'tuscan':1",
        "count": 0,
        "cart": false
    },
    {
        "id": "7078953",
        "category": "Deli",
        "storeID": "4429",
        "productID": "21051344_EA",
        "title": "Gourmet Bocconcini Cocktail Soft Fresh Cheese 18% M.F.",
        "brand": "Saputo",
        "regprice": null,
        "saleprice": "$5.99",
        "wasprice": "$6.99",
        "sale": "SAVE $1.00",
        "image": "https://assets.shop.loblaws.ca/products/21051344/b3/en/front/21051344_front_a06_@2.png",
        "point": null,
        "stock": null,
        "weight": "200 g, $3.00/100g",
        "last_update": "2024-11-20",
        "storetype": "Loblaws",
        "member_price": null,
        "non_member_price": null,
        "desc_price": null,
        "temp_id": null,
        "tsv_title_brand": "'18':7 'bocconcini':2 'chees':6 'cocktail':3 'fresh':5 'gourmet':1 'm.f':8 'saputo':9 'soft':4",
        "count": 0,
        "cart": false
    },
    {
        "id": "7078960",
        "category": "Deli",
        "storeID": "4429",
        "productID": "21495455_EA",
        "title": "Extra Old Cheddar Cheese,",
        "brand": "Balderson",
        "regprice": null,
        "saleprice": "$7.99",
        "wasprice": "$9.99",
        "sale": "SAVE $2.00",
        "image": "https://assets.shop.loblaws.ca/products/21495455/b3/en/front/21495455_front_a06_@2.png",
        "point": "1,000 PC Optimum Points",
        "stock": null,
        "weight": "250 g, $3.20/100g",
        "last_update": "2024-11-20",
        "storetype": "Loblaws",
        "member_price": null,
        "non_member_price": null,
        "desc_price": null,
        "temp_id": null,
        "tsv_title_brand": "'balderson':5 'cheddar':3 'chees':4 'extra':1 'old':2",
        "count": 0,
        "cart": false
    },
    {
        "id": "7079004",
        "category": "Deli",
        "storeID": "4429",
        "productID": "20711833_EA",
        "title": "Cheese, Chevrai Fine Herb",
        "brand": "Woolwich",
        "regprice": null,
        "saleprice": "$5.49",
        "wasprice": "$6.99",
        "sale": "SAVE $1.50",
        "image": "https://assets.shop.loblaws.ca/products/20711833/b3/en/front/20711833_front_a06_@2.png",
        "point": null,
        "stock": null,
        "weight": "113 g, $4.86/100g",
        "last_update": "2024-11-20",
        "storetype": "Loblaws",
        "member_price": null,
        "non_member_price": null,
        "desc_price": null,
        "temp_id": null,
        "tsv_title_brand": "'chees':1 'chevrai':2 'fine':3 'herb':4 'woolwich':5",
        "count": 0,
        "cart": false
    },
    {
        "id": "7078786",
        "category": "Deli",
        "storeID": "4429",
        "productID": "21164932_EA",
        "title": "Chicken Pepperoni Snacks",
        "brand": "Pillers",
        "regprice": null,
        "saleprice": "$10.99",
        "wasprice": "$12.49",
        "sale": "SAVE $1.50",
        "image": "https://assets.shop.loblaws.ca/products/21164932/b3/en/front/21164932_front_a06_@2.png",
        "point": null,
        "stock": null,
        "weight": "375 g, $2.93/100g",
        "last_update": "2024-11-20",
        "storetype": "Loblaws",
        "member_price": null,
        "non_member_price": null,
        "desc_price": null,
        "temp_id": null,
        "tsv_title_brand": "'chicken':1 'pepperoni':2 'piller':4 'snack':3",
        "count": 0,
        "cart": false
    },
    {
        "id": "7078883",
        "category": "Deli",
        "storeID": "4429",
        "productID": "21456329_EA",
        "title": "Pepper Coated Salami",
        "brand": "Pillers",
        "regprice": null,
        "saleprice": "$6.99",
        "wasprice": "$8.99",
        "sale": "SAVE $2.00",
        "image": "https://assets.shop.loblaws.ca/products/21456329/b3/en/front/21456329_front_a06_@2.png",
        "point": null,
        "stock": null,
        "weight": "125 g, $5.59/100g",
        "last_update": "2024-11-20",
        "storetype": "Loblaws",
        "member_price": null,
        "non_member_price": null,
        "desc_price": null,
        "temp_id": null,
        "tsv_title_brand": "'coat':2 'pepper':1 'piller':4 'salami':3",
        "count": 0,
        "cart": false
    },
    {
        "id": "7078881",
        "category": "Deli",
        "storeID": "4429",
        "productID": "21603188_EA",
        "title": "Italian-Style Chicken Breast Strips",
        "brand": "Ziggy's",
        "regprice": null,
        "saleprice": "$7.00",
        "wasprice": "$8.00",
        "sale": "SAVE $1.00",
        "image": "https://assets.shop.loblaws.ca/products/21603188/b3/en/front/21603188_front_a06_@2.png",
        "point": null,
        "stock": null,
        "weight": "200 g, $3.50/100g",
        "last_update": "2024-11-20",
        "storetype": "Loblaws",
        "member_price": null,
        "non_member_price": null,
        "desc_price": null,
        "temp_id": null,
        "tsv_title_brand": "'breast':5 'chicken':4 'italian':2 'italian-styl':1 'strip':6 'style':3 'ziggi':7",
        "count": 0,
        "cart": false
    },
    {
        "id": "7078956",
        "category": "Deli",
        "storeID": "4429",
        "productID": "21184247_EA",
        "title": "Mozzarella Fresca",
        "brand": "Saputo",
        "regprice": null,
        "saleprice": "$5.99",
        "wasprice": "$6.99",
        "sale": "SAVE $1.00",
        "image": "https://assets.shop.loblaws.ca/products/21184247/b3/en/front/21184247_front_a06_@2.png",
        "point": null,
        "stock": null,
        "weight": "190 g, $3.15/100g",
        "last_update": "2024-11-20",
        "storetype": "Loblaws",
        "member_price": "Prepared in Canada",
        "non_member_price": null,
        "desc_price": null,
        "temp_id": null,
        "tsv_title_brand": "'fresca':2 'mozzarella':1 'saputo':3",
        "count": 0,
        "cart": false
    },
    {
        "id": "7079053",
        "category": "Deli",
        "storeID": "4429",
        "productID": "21162370_KG",
        "title": "Aged Cheese",
        "brand": "Oka",
        "regprice": null,
        "saleprice": "$6.98",
        "wasprice": "$9.98",
        "sale": "SAVE $3.00",
        "image": "https://assets.shop.loblaws.ca/products/21162370/b3/en/front/21162370_front_a06_@2.png",
        "point": null,
        "stock": null,
        "weight": "$34.90/1kg $15.83/1lb",
        "last_update": "2024-11-20",
        "storetype": "Loblaws",
        "member_price": "Prepared in Canada",
        "non_member_price": null,
        "desc_price": null,
        "temp_id": null,
        "tsv_title_brand": "'age':1 'chees':2 'oka':3",
        "count": 0,
        "cart": false
    },
    {
        "id": "7078950",
        "category": "Deli",
        "storeID": "4429",
        "productID": "20573975_EA",
        "title": "Feta in Brine",
        "brand": "Saputo",
        "regprice": null,
        "saleprice": "$5.49",
        "wasprice": "$7.49",
        "sale": "SAVE $2.00",
        "image": "https://assets.shop.loblaws.ca/products/20573975/b3/en/front/20573975_front_a06_@2.png",
        "point": null,
        "stock": null,
        "weight": "200 g, $2.75/100g",
        "last_update": "2024-11-20",
        "storetype": "Loblaws",
        "member_price": null,
        "non_member_price": null,
        "desc_price": null,
        "temp_id": null,
        "tsv_title_brand": "'brine':3 'feta':1 'saputo':4",
        "count": 0,
        "cart": false
    },
    {
        "id": "7078882",
        "category": "Deli",
        "storeID": "4429",
        "productID": "20582987_EA",
        "title": "Turkey Bites Smoked Turkey Sausage Spicy",
        "brand": "Pillers",
        "regprice": null,
        "saleprice": "$10.99",
        "wasprice": "$12.49",
        "sale": "SAVE $1.50",
        "image": "https://assets.shop.loblaws.ca/products/20582987/b3/en/front/20582987_front_a06_@2.png",
        "point": null,
        "stock": null,
        "weight": "300 g, $36.63/1kg $3.66/100g",
        "last_update": "2024-11-20",
        "storetype": "Loblaws",
        "member_price": null,
        "non_member_price": null,
        "desc_price": null,
        "temp_id": null,
        "tsv_title_brand": "'bite':2 'piller':7 'sausag':5 'smoke':3 'spici':6 'turkey':1,4",
        "count": 0,
        "cart": false
    },
    {
        "id": "7079151",
        "category": "Deli",
        "storeID": "4429",
        "productID": "20662148_EA",
        "title": "Cheese, Chevrai Original",
        "brand": "Woolwich",
        "regprice": null,
        "saleprice": "$5.49",
        "wasprice": "$6.99",
        "sale": "SAVE $1.50",
        "image": "https://assets.shop.loblaws.ca/products/20662148/b3/en/front/20662148_front_a06_@2.png",
        "point": null,
        "stock": null,
        "weight": "113 g, $4.86/100g",
        "last_update": "2024-11-20",
        "storetype": "Loblaws",
        "member_price": "Prepared in Canada",
        "non_member_price": null,
        "desc_price": null,
        "temp_id": null,
        "tsv_title_brand": "'chees':1 'chevrai':2 'origin':3 'woolwich':4",
        "count": 0,
        "cart": false
    },
    {
        "id": "7078952",
        "category": "Deli",
        "storeID": "4429",
        "productID": "20787327_EA",
        "title": "Double Cream Brie Cheese",
        "brand": "President's Choice",
        "regprice": null,
        "saleprice": "$6.99",
        "wasprice": "$8.79",
        "sale": "SAVE $1.80",
        "image": "https://assets.shop.loblaws.ca/products/20787327/b3/en/front/20787327_front_a06_@2.png",
        "point": null,
        "stock": null,
        "weight": "200 g, $3.50/100g",
        "last_update": "2024-11-20",
        "storetype": "Loblaws",
        "member_price": "Prepared in Canada",
        "non_member_price": null,
        "desc_price": null,
        "temp_id": null,
        "tsv_title_brand": "'brie':3 'chees':4 'choic':7 'cream':2 'doubl':1 'presid':5",
        "count": 0,
        "cart": false
    },
    {
        "id": "7078957",
        "category": "Deli",
        "storeID": "4429",
        "productID": "20708942_EA",
        "title": "Cheese, Bocconcini Cocktail Light",
        "brand": "Saputo",
        "regprice": null,
        "saleprice": "$5.99",
        "wasprice": "$6.99",
        "sale": "SAVE $1.00",
        "image": "https://assets.shop.loblaws.ca/products/20708942/b3/en/front/20708942_front_a06_@2.png",
        "point": null,
        "stock": null,
        "weight": "200 g, $3.00/100g",
        "last_update": "2024-11-20",
        "storetype": "Loblaws",
        "member_price": null,
        "non_member_price": null,
        "desc_price": null,
        "temp_id": null,
        "tsv_title_brand": "'bocconcini':2 'chees':1 'cocktail':3 'light':4 'saputo':5",
        "count": 0,
        "cart": false
    },
    {
        "id": "7079005",
        "category": "Deli",
        "storeID": "4429",
        "productID": "20415944_EA",
        "title": "Marble Cheddar Cheese",
        "brand": "Balderson",
        "regprice": null,
        "saleprice": "$7.99",
        "wasprice": "$9.99",
        "sale": "SAVE $2.00",
        "image": "https://assets.shop.loblaws.ca/products/20415944/b3/en/front/20415944_front_a06_@2.png",
        "point": "1,000 PC Optimum Points",
        "stock": null,
        "weight": "280 g, $2.85/100g",
        "last_update": "2024-11-20",
        "storetype": "Loblaws",
        "member_price": null,
        "non_member_price": null,
        "desc_price": null,
        "temp_id": null,
        "tsv_title_brand": "'balderson':4 'cheddar':2 'chees':3 'marbl':1",
        "count": 0,
        "cart": false
    },
    {
        "id": "7079102",
        "category": "Deli",
        "storeID": "4429",
        "productID": "20711837_EA",
        "title": "Cheese, Chevrai Wild Blueberry Vanilla",
        "brand": "Woolwich",
        "regprice": null,
        "saleprice": "$5.49",
        "wasprice": "$6.99",
        "sale": "SAVE $1.50",
        "image": "https://assets.shop.loblaws.ca/products/20711837/b3/en/front/20711837_front_a06_@2.png",
        "point": null,
        "stock": null,
        "weight": "113 g, $4.86/100g",
        "last_update": "2024-11-20",
        "storetype": "Loblaws",
        "member_price": null,
        "non_member_price": null,
        "desc_price": null,
        "temp_id": null,
        "tsv_title_brand": "'blueberri':4 'chees':1 'chevrai':2 'vanilla':5 'wild':3 'woolwich':6",
        "count": 0,
        "cart": false
    },
    {
        "id": "7079180",
        "category": "Deli",
        "storeID": "4429",
        "productID": "20920756_EA",
        "title": "Original Cheese",
        "brand": "Oka",
        "regprice": null,
        "saleprice": "$8.99",
        "wasprice": "$9.99",
        "sale": "SAVE $1.00",
        "image": "https://assets.shop.loblaws.ca/products/20920756/b3/en/front/20920756_front_a06_@2.png",
        "point": null,
        "stock": null,
        "weight": "190 g, $4.73/100g",
        "last_update": "2024-11-20",
        "storetype": "Loblaws",
        "member_price": "Prepared in Canada",
        "non_member_price": null,
        "desc_price": null,
        "temp_id": null,
        "tsv_title_brand": "'chees':2 'oka':3 'origin':1",
        "count": 0,
        "cart": false
    },
    {
        "id": "7078959",
        "category": "Deli",
        "storeID": "4429",
        "productID": "20573976_EA",
        "title": "Feta in Brine, Light",
        "brand": "Saputo",
        "regprice": null,
        "saleprice": "$5.49",
        "wasprice": "$7.49",
        "sale": "SAVE $2.00",
        "image": "https://assets.shop.loblaws.ca/products/20573976/b3/en/front/20573976_front_a06_@2.png",
        "point": null,
        "stock": null,
        "weight": "200 g, $2.75/100g",
        "last_update": "2024-11-20",
        "storetype": "Loblaws",
        "member_price": null,
        "non_member_price": null,
        "desc_price": null,
        "temp_id": null,
        "tsv_title_brand": "'brine':3 'feta':1 'light':4 'saputo':5",
        "count": 0,
        "cart": false
    },
    {
        "id": "7079150",
        "category": "Deli",
        "storeID": "4429",
        "productID": "20662791_EA",
        "title": "Cheese, Chevrai Roasted Garlic",
        "brand": "Woolwich",
        "regprice": null,
        "saleprice": "$5.49",
        "wasprice": "$6.99",
        "sale": "SAVE $1.50",
        "image": "https://assets.shop.loblaws.ca/products/20662791/b3/en/front/20662791_front_a06_@2.png",
        "point": null,
        "stock": null,
        "weight": "113 g, $4.86/100g",
        "last_update": "2024-11-20",
        "storetype": "Loblaws",
        "member_price": null,
        "non_member_price": null,
        "desc_price": null,
        "temp_id": null,
        "tsv_title_brand": "'chees':1 'chevrai':2 'garlic':4 'roast':3 'woolwich':5",
        "count": 0,
        "cart": false
    },
    {
        "id": "7079008",
        "category": "Deli",
        "storeID": "4429",
        "productID": "20662146_EA",
        "title": "Cheese, Chevrai Fig",
        "brand": "Woolwich",
        "regprice": null,
        "saleprice": "$5.49",
        "wasprice": "$6.99",
        "sale": "SAVE $1.50",
        "image": "https://assets.shop.loblaws.ca/products/20662146/b3/en/front/20662146_front_a06_@2.png",
        "point": null,
        "stock": null,
        "weight": "113 g, $4.86/100g",
        "last_update": "2024-11-20",
        "storetype": "Loblaws",
        "member_price": null,
        "non_member_price": null,
        "desc_price": null,
        "temp_id": null,
        "tsv_title_brand": "'chees':1 'chevrai':2 'fig':3 'woolwich':4",
        "count": 0,
        "cart": false
    },
    {
        "id": "7078949",
        "category": "Deli",
        "storeID": "4429",
        "productID": "20784364_EA",
        "title": "Camembert Cheese",
        "brand": "President's Choice",
        "regprice": null,
        "saleprice": "$6.99",
        "wasprice": "$8.79",
        "sale": "SAVE $1.80",
        "image": "https://assets.shop.loblaws.ca/products/20784364/b3/en/front/20784364_front_a06_@2.png",
        "point": null,
        "stock": null,
        "weight": "170 g, $4.11/100g",
        "last_update": "2024-11-20",
        "storetype": "Loblaws",
        "member_price": "Prepared in Canada",
        "non_member_price": null,
        "desc_price": null,
        "temp_id": null,
        "tsv_title_brand": "'camembert':1 'chees':2 'choic':5 'presid':3",
        "count": 0,
        "cart": false
    },
    {
        "id": "7079103",
        "category": "Deli",
        "storeID": "4429",
        "productID": "21397279_KG",
        "title": "Saint-Paulin Cheese",
        "brand": "Monsieur Gustav",
        "regprice": null,
        "saleprice": "$3.49",
        "wasprice": "$4.49",
        "sale": "SAVE $1.00",
        "image": "https://assets.shop.loblaws.ca/products/21397279/b3/en/front/21397279_front_a06_@2.png",
        "point": null,
        "stock": null,
        "weight": "$34.90/1kg",
        "last_update": "2024-11-20",
        "storetype": "Loblaws",
        "member_price": null,
        "non_member_price": null,
        "desc_price": null,
        "temp_id": null,
        "tsv_title_brand": "'chees':4 'gustav':6 'monsieur':5 'paulin':3 'saint':2 'saint-paulin':1",
        "count": 0,
        "cart": false
    },
    {
        "id": "7079052",
        "category": "Deli",
        "storeID": "4429",
        "productID": "20711836_EA",
        "title": "Cheese, Chevrai Peppercorn",
        "brand": "Woolwich",
        "regprice": null,
        "saleprice": "$5.49",
        "wasprice": "$6.99",
        "sale": "SAVE $1.50",
        "image": "https://assets.shop.loblaws.ca/products/20711836/b3/en/front/20711836_front_a06_@2.png",
        "point": null,
        "stock": null,
        "weight": "113 g, $4.86/100g",
        "last_update": "2024-11-20",
        "storetype": "Loblaws",
        "member_price": null,
        "non_member_price": null,
        "desc_price": null,
        "temp_id": null,
        "tsv_title_brand": "'chees':1 'chevrai':2 'peppercorn':3 'woolwich':4",
        "count": 0,
        "cart": false
    },
    {
        "id": "7079179",
        "category": "Deli",
        "storeID": "4429",
        "productID": "21051115_EA",
        "title": "Feta Cheese in Brine, Oregano",
        "brand": "Saputo",
        "regprice": null,
        "saleprice": "$5.49",
        "wasprice": "$7.49",
        "sale": "SAVE $2.00",
        "image": "https://assets.shop.loblaws.ca/products/21051115/b3/en/front/21051115_front_a06_@2.png",
        "point": null,
        "stock": null,
        "weight": "170 g, $3.23/100g",
        "last_update": "2024-11-20",
        "storetype": "Loblaws",
        "member_price": null,
        "non_member_price": null,
        "desc_price": null,
        "temp_id": null,
        "tsv_title_brand": "'brine':4 'chees':2 'feta':1 'oregano':5 'saputo':6",
        "count": 0,
        "cart": false
    },
    {
        "id": "7079054",
        "category": "Deli",
        "storeID": "4429",
        "productID": "21051214_EA",
        "title": "Bocconcini Cheese, 18% MF",
        "brand": "Saputo",
        "regprice": null,
        "saleprice": "$5.99",
        "wasprice": "$6.99",
        "sale": "SAVE $1.00",
        "image": "https://assets.shop.loblaws.ca/products/21051214/b3/en/front/21051214_front_a06_@2.png",
        "point": null,
        "stock": null,
        "weight": "200 g, $3.00/100g",
        "last_update": "2024-11-20",
        "storetype": "Loblaws",
        "member_price": null,
        "non_member_price": null,
        "desc_price": null,
        "temp_id": null,
        "tsv_title_brand": "'18':3 'bocconcini':1 'chees':2 'mf':4 'saputo':5",
        "count": 0,
        "cart": false
    },
    {
        "id": "7079055",
        "category": "Deli",
        "storeID": "4429",
        "productID": "20415811_EA",
        "title": "Medium Cheddar Cheese",
        "brand": "Balderson",
        "regprice": null,
        "saleprice": "$7.99",
        "wasprice": "$9.49",
        "sale": "SAVE $1.50",
        "image": "https://assets.shop.loblaws.ca/products/20415811/b3/en/front/20415811_front_a06_@2.png",
        "point": "1,000 PC Optimum Points",
        "stock": null,
        "weight": "280 g, $2.85/100g",
        "last_update": "2024-11-20",
        "storetype": "Loblaws",
        "member_price": null,
        "non_member_price": null,
        "desc_price": null,
        "temp_id": null,
        "tsv_title_brand": "'balderson':4 'cheddar':2 'chees':3 'medium':1",
        "count": 0,
        "cart": false
    },
    {
        "id": "7079148",
        "category": "Deli",
        "storeID": "4429",
        "productID": "21547297_EA",
        "title": "Feta Cheese Sheep & Goat 22 % M.F.",
        "brand": "Saputo",
        "regprice": null,
        "saleprice": "$5.49",
        "wasprice": "$7.49",
        "sale": "SAVE $2.00",
        "image": "https://assets.shop.loblaws.ca/products/21547297/b3/en/front/21547297_front_a06_@2.png",
        "point": null,
        "stock": null,
        "weight": "200 g, $2.75/100g",
        "last_update": "2024-11-20",
        "storetype": "Loblaws",
        "member_price": null,
        "non_member_price": null,
        "desc_price": null,
        "temp_id": null,
        "tsv_title_brand": "'22':5 'chees':2 'feta':1 'goat':4 'm.f':6 'saputo':7 'sheep':3",
        "count": 0,
        "cart": false
    },
    {
        "id": "7079252",
        "category": "Deli",
        "storeID": "4429",
        "productID": "21589448_EA",
        "title": "Spicy Garlic Toum Dip",
        "brand": "President's Choice",
        "regprice": null,
        "saleprice": "$4.50",
        "wasprice": "$5.00",
        "sale": "SAVE $0.50",
        "image": "https://assets.shop.loblaws.ca/products/21589448/b3/en/front/21589448_front_a06_@2.png",
        "point": null,
        "stock": null,
        "weight": "200 g, $2.25/100g",
        "last_update": "2024-11-20",
        "storetype": "Loblaws",
        "member_price": null,
        "non_member_price": null,
        "desc_price": null,
        "temp_id": null,
        "tsv_title_brand": "'choic':7 'dip':4 'garlic':2 'presid':5 'spici':1 'toum':3",
        "count": 0,
        "cart": false
    },
    {
        "id": "7079100",
        "category": "Deli",
        "storeID": "4429",
        "productID": "20160091_EA",
        "title": "Cheese wedges",
        "brand": "The Laughing Cow",
        "regprice": null,
        "saleprice": "$10.99",
        "wasprice": "$12.49",
        "sale": "SAVE $1.50",
        "image": "https://assets.shop.loblaws.ca/products/20160091/b3/en/front/20160091_front_a06_@2.png",
        "point": null,
        "stock": null,
        "weight": "400 g, $2.75/100g",
        "last_update": "2024-11-20",
        "storetype": "Loblaws",
        "member_price": null,
        "non_member_price": null,
        "desc_price": null,
        "temp_id": null,
        "tsv_title_brand": "'chees':1 'cow':5 'laugh':4 'wedg':2",
        "count": 0,
        "cart": false
    },
    {
        "id": "7079365",
        "category": "Deli",
        "storeID": "4429",
        "productID": "21595685_EA",
        "title": "Plant -Based Egg",
        "brand": "JUST Egg",
        "regprice": null,
        "saleprice": "$10.99",
        "wasprice": "$11.69",
        "sale": "SAVE $0.70",
        "image": "https://assets.shop.loblaws.ca/products/21595685/b3/en/front/21595685_front_a06_@2.png",
        "point": null,
        "stock": null,
        "weight": "500 g, $2.20/100g",
        "last_update": "2024-11-20",
        "storetype": "Loblaws",
        "member_price": null,
        "non_member_price": null,
        "desc_price": null,
        "temp_id": null,
        "tsv_title_brand": "'base':2 'egg':3,5 'plant':1",
        "count": 0,
        "cart": false
    },
    {
        "id": "7072341",
        "category": "Frozen Food",
        "storeID": "4429",
        "productID": "21404587_EA",
        "title": "Oak Smoked Scottish Atlantic Salmon",
        "brand": "President's Choice",
        "regprice": null,
        "saleprice": "$9.99",
        "wasprice": "$11.49",
        "sale": "SAVE $1.50",
        "image": "https://assets.shop.loblaws.ca/products/21404587/b3/en/front/21404587_front_a06_@2.png",
        "point": null,
        "stock": null,
        "weight": "150 g, $6.66/100g",
        "last_update": "2024-11-20",
        "storetype": "Loblaws",
        "member_price": null,
        "non_member_price": null,
        "desc_price": null,
        "temp_id": null,
        "tsv_title_brand": "'atlant':4 'choic':8 'oak':1 'presid':6 'salmon':5 'scottish':3 'smoke':2",
        "count": 0,
        "cart": false
    },
    {
        "id": "7079253",
        "category": "Deli",
        "storeID": "4429",
        "productID": "21588774_EA",
        "title": "Garlic Toum Dip",
        "brand": "President's Choice",
        "regprice": null,
        "saleprice": "$4.50",
        "wasprice": "$5.00",
        "sale": "SAVE $0.50",
        "image": "https://assets.shop.loblaws.ca/products/21588774/b3/en/front/21588774_front_a06_@2.png",
        "point": null,
        "stock": null,
        "weight": "200 g, $2.25/100g",
        "last_update": "2024-11-20",
        "storetype": "Loblaws",
        "member_price": null,
        "non_member_price": null,
        "desc_price": null,
        "temp_id": null,
        "tsv_title_brand": "'choic':6 'dip':3 'garlic':1 'presid':4 'toum':2",
        "count": 0,
        "cart": false
    },
    {
        "id": "7070763",
        "category": "Snacks, Chips & Candy",
        "storeID": "4429",
        "productID": "21587926_EA",
        "title": "Smokey Bacon Crackers",
        "brand": "Christie",
        "regprice": null,
        "saleprice": "$2.99",
        "wasprice": "$3.50",
        "sale": "SAVE $0.51",
        "image": "https://assets.shop.loblaws.ca/products/21587926/b3/en/front/21587926_front_a06_@2.png",
        "point": null,
        "stock": null,
        "weight": "145 g, $2.06/100g",
        "last_update": "2024-11-20",
        "storetype": "Loblaws",
        "member_price": null,
        "non_member_price": null,
        "desc_price": null,
        "temp_id": null,
        "tsv_title_brand": "'bacon':2 'christi':4 'cracker':3 'smokey':1",
        "count": 0,
        "cart": false
    },
    {
        "id": "7072432",
        "category": "Frozen Food",
        "storeID": "4429",
        "productID": "20950440_EA",
        "title": "Thai Basil Shrimp Spring Rolls",
        "brand": "President's Choice",
        "regprice": null,
        "saleprice": "$11.00",
        "wasprice": "$13.99",
        "sale": "SAVE $2.99",
        "image": "https://assets.shop.loblaws.ca/products/20950440/b3/en/front/20950440_front_a06_@2.png",
        "point": null,
        "stock": null,
        "weight": "294 g, $3.74/100g",
        "last_update": "2024-11-20",
        "storetype": "Loblaws",
        "member_price": null,
        "non_member_price": null,
        "desc_price": null,
        "temp_id": null,
        "tsv_title_brand": "'basil':2 'choic':8 'presid':6 'roll':5 'shrimp':3 'spring':4 'thai':1",
        "count": 0,
        "cart": false
    },
    {
        "id": "7072535",
        "category": "Frozen Food",
        "storeID": "4429",
        "productID": "20979191_EA",
        "title": "Shrimp Ring",
        "brand": "Seaquest",
        "regprice": null,
        "saleprice": "$12.99",
        "wasprice": "$16.99",
        "sale": "SAVE $4.00",
        "image": "https://assets.shop.loblaws.ca/products/20979191/b3/en/front/20979191_front_a06_@2.png",
        "point": null,
        "stock": null,
        "weight": "454 g, $2.86/100g",
        "last_update": "2024-11-20",
        "storetype": "Loblaws",
        "member_price": null,
        "non_member_price": null,
        "desc_price": null,
        "temp_id": null,
        "tsv_title_brand": "'ring':2 'seaquest':3 'shrimp':1",
        "count": 0,
        "cart": false
    },
    {
        "id": "7072436",
        "category": "Frozen Food",
        "storeID": "4429",
        "productID": "21047088_EA",
        "title": "Scottish Atlantic Salmon Peat-Smoked",
        "brand": "President's Choice",
        "regprice": null,
        "saleprice": "$9.99",
        "wasprice": "$11.49",
        "sale": "SAVE $1.50",
        "image": "https://assets.shop.loblaws.ca/products/21047088/b3/en/front/21047088_front_a06_@2.png",
        "point": null,
        "stock": null,
        "weight": "150 g, $6.66/100g",
        "last_update": "2024-11-20",
        "storetype": "Loblaws",
        "member_price": null,
        "non_member_price": null,
        "desc_price": null,
        "temp_id": null,
        "tsv_title_brand": "'atlant':2 'choic':9 'peat':5 'peat-smok':4 'presid':7 'salmon':3 'scottish':1 'smoke':6",
        "count": 0,
        "cart": false
    },
    {
        "id": "7079485",
        "category": "Fish & Seafood",
        "storeID": "4429",
        "productID": "21557953_EA",
        "title": "New Zealand Greenshell Mussels",
        "brand": "Talley's",
        "regprice": null,
        "saleprice": "$17.99",
        "wasprice": "$19.99",
        "sale": "SAVE $2.00",
        "image": "https://assets.shop.loblaws.ca/products/21557953/b3/en/front/21557953_front_a06_@2.png",
        "point": null,
        "stock": null,
        "weight": "907 g, $1.98/100g",
        "last_update": "2024-11-20",
        "storetype": "Loblaws",
        "member_price": null,
        "non_member_price": null,
        "desc_price": null,
        "temp_id": null,
        "tsv_title_brand": "'greenshel':3 'mussel':4 'new':1 'talley':5 'zealand':2",
        "count": 0,
        "cart": false
    },
    {
        "id": "7072338",
        "category": "Frozen Food",
        "storeID": "4429",
        "productID": "21576457_EA",
        "title": "Oak-Smoked Citrus and Gin Scottish Atlantic Salmon",
        "brand": "President's Choice",
        "regprice": null,
        "saleprice": "$9.99",
        "wasprice": "$11.99",
        "sale": "SAVE $2.00",
        "image": "https://assets.shop.loblaws.ca/products/21576457/b3/en/front/21576457_front_a06_@2.png",
        "point": null,
        "stock": null,
        "weight": "125 g, $7.99/100g",
        "last_update": "2024-11-20",
        "storetype": "Loblaws",
        "member_price": null,
        "non_member_price": null,
        "desc_price": null,
        "temp_id": null,
        "tsv_title_brand": "'atlant':8 'choic':12 'citrus':4 'gin':6 'oak':2 'oak-smok':1 'presid':10 'salmon':9 'scottish':7 'smoke':3",
        "count": 0,
        "cart": false
    },
    {
        "id": "7072337",
        "category": "Frozen Food",
        "storeID": "4429",
        "productID": "21043887_EA",
        "title": "Pacific White Shrimp Raw 16-20/LB",
        "brand": "Seaquest",
        "regprice": null,
        "saleprice": "$7.00",
        "wasprice": "$8.99",
        "sale": "SAVE $1.99",
        "image": "https://assets.shop.loblaws.ca/products/21043887/b3/en/front/21043887_front_a06_@2.png",
        "point": null,
        "stock": null,
        "weight": "300 g, $2.33/100g",
        "last_update": "2024-11-20",
        "storetype": "Loblaws",
        "member_price": null,
        "non_member_price": null,
        "desc_price": null,
        "temp_id": null,
        "tsv_title_brand": "'-20':6 '/lb':7 '16':5 'pacif':1 'raw':4 'seaquest':8 'shrimp':3 'white':2",
        "count": 0,
        "cart": false
    },
    {
        "id": "7072534",
        "category": "Frozen Food",
        "storeID": "4429",
        "productID": "21552109_EA",
        "title": "Salmon Wellington",
        "brand": "President's Choice",
        "regprice": null,
        "saleprice": "$20.00",
        "wasprice": "$24.99",
        "sale": "SAVE $4.99",
        "image": "https://assets.shop.loblaws.ca/products/21552109/b3/en/front/21552109_front_a06_@2.png",
        "point": null,
        "stock": null,
        "weight": "725 g, $2.76/100g",
        "last_update": "2024-11-20",
        "storetype": "Loblaws",
        "member_price": null,
        "non_member_price": null,
        "desc_price": null,
        "temp_id": null,
        "tsv_title_brand": "'choic':5 'presid':3 'salmon':1 'wellington':2",
        "count": 0,
        "cart": false
    },
    {
        "id": "7072539",
        "category": "Frozen Food",
        "storeID": "4429",
        "productID": "20055009_EA",
        "title": "Smoked Wild Sockeye Salmon",
        "brand": "President's Choice",
        "regprice": null,
        "saleprice": "$9.99",
        "wasprice": "$12.99",
        "sale": "SAVE $3.00",
        "image": "https://assets.shop.loblaws.ca/products/20055009/b3/en/front/20055009_front_a06_@2.png",
        "point": null,
        "stock": null,
        "weight": "150 g, $6.66/100g",
        "last_update": "2024-11-20",
        "storetype": "Loblaws",
        "member_price": null,
        "non_member_price": null,
        "desc_price": null,
        "temp_id": null,
        "tsv_title_brand": "'choic':7 'presid':5 'salmon':4 'smoke':1 'sockey':3 'wild':2",
        "count": 0,
        "cart": false
    },
    {
        "id": "7079784",
        "category": "Fish & Seafood",
        "storeID": "4429",
        "productID": "20749798_EA",
        "title": "Leg-Style Crab Flavoured Wild Alaska Pollock and Wild Pacific Whiting",
        "brand": "Seaquest",
        "regprice": null,
        "saleprice": "$3.49",
        "wasprice": "$4.49",
        "sale": "SAVE $1.00",
        "image": "https://assets.shop.loblaws.ca/products/20749798/b3/en/front/20749798_front_a06_@2.png",
        "point": null,
        "stock": null,
        "weight": "227 g, $1.54/100g",
        "last_update": "2024-11-20",
        "storetype": "Loblaws",
        "member_price": null,
        "non_member_price": null,
        "desc_price": null,
        "temp_id": null,
        "tsv_title_brand": "'alaska':7 'crab':4 'flavour':5 'leg':2 'leg-styl':1 'pacif':11 'pollock':8 'seaquest':13 'style':3 'white':12 'wild':6,10",
        "count": 0,
        "cart": false
    },
    {
        "id": "7058946",
        "category": "Fruits & Vegetables",
        "storeID": "4429",
        "productID": "20051015001_EA",
        "title": "Blackberries 1/2 Pint",
        "brand": null,
        "regprice": null,
        "saleprice": "$4.50",
        "wasprice": "$5.00",
        "sale": "SAVE $0.50",
        "image": "https://assets.shop.loblaws.ca/products/20051015001/b3/en/front/20051015001_front_a06_@2.png",
        "point": null,
        "stock": null,
        "weight": "170 g, $2.65/100g",
        "last_update": "2025-01-10",
        "storetype": "Loblaws",
        "member_price": null,
        "non_member_price": null,
        "desc_price": null,
        "temp_id": null,
        "tsv_title_brand": "'1/2':2 'blackberri':1 'pint':3",
        "count": 0,
        "cart": false
    },
    {
        "id": "7058422",
        "category": "Fruits & Vegetables",
        "storeID": "4429",
        "productID": "20851084001_KG",
        "title": "Chinese Carrots, Jumbo",
        "brand": null,
        "regprice": null,
        "saleprice": "$3.07",
        "wasprice": "$4.07",
        "sale": "SAVE $1.00",
        "image": "https://assets.shop.loblaws.ca/products/20851084001/b3/en/front/20851084001_front_a06_@2.png",
        "point": null,
        "stock": null,
        "weight": "$4.14/1kg $1.88/1lb",
        "last_update": "2025-01-10",
        "storetype": "Loblaws",
        "member_price": null,
        "non_member_price": null,
        "desc_price": null,
        "temp_id": null,
        "tsv_title_brand": "'carrot':2 'chines':1 'jumbo':3",
        "count": 0,
        "cart": false
    },
    {
        "id": "7059067",
        "category": "Fruits & Vegetables",
        "storeID": "4429",
        "productID": "20051459001_EA",
        "title": "Fuji Apples",
        "brand": "Farmer's Market",
        "regprice": null,
        "saleprice": "$6.88",
        "wasprice": "$9.99",
        "sale": "SAVE $3.11",
        "image": "https://assets.shop.loblaws.ca/products/20051459001/b3/en/front/20051459001_front_a06_@2.png",
        "point": null,
        "stock": null,
        "weight": "2.268 kg, $0.30/100g",
        "last_update": "2025-01-10",
        "storetype": "Loblaws",
        "member_price": null,
        "non_member_price": null,
        "desc_price": null,
        "temp_id": null,
        "tsv_title_brand": "'appl':2 'farmer':3 'fuji':1 'market':5",
        "count": 0,
        "cart": false
    },
    {
        "id": "7058432",
        "category": "Fruits & Vegetables",
        "storeID": "4429",
        "productID": "21004355001_EA",
        "title": "Garlic Bulbs, 3-count",
        "brand": "Rooster",
        "regprice": null,
        "saleprice": "$1.18",
        "wasprice": "$1.50",
        "sale": "SAVE $0.32",
        "image": "https://assets.shop.loblaws.ca/products/21004355001/b3/en/front/21004355001_front_a06_@2.png",
        "point": null,
        "stock": null,
        "weight": "90 g, $0.39/1ea",
        "last_update": "2025-01-10",
        "storetype": "Loblaws",
        "member_price": null,
        "non_member_price": null,
        "desc_price": null,
        "temp_id": null,
        "tsv_title_brand": "'3':3 'bulb':2 'count':4 'garlic':1 'rooster':5",
        "count": 0,
        "cart": false
    },
    {
        "id": "7058418",
        "category": "Fruits & Vegetables",
        "storeID": "4429",
        "productID": "20135377001_EA",
        "title": "Cauliflower",
        "brand": null,
        "regprice": null,
        "saleprice": "$4.00",
        "wasprice": "$5.00",
        "sale": "SAVE $1.00",
        "image": "https://assets.shop.loblaws.ca/products/20135377001/b3/en/front/20135377001_front_a06_@2.png",
        "point": null,
        "stock": null,
        "weight": "1 ea, $4.00/1ea",
        "last_update": "2025-01-10",
        "storetype": "Loblaws",
        "member_price": null,
        "non_member_price": null,
        "desc_price": null,
        "temp_id": null,
        "tsv_title_brand": "'cauliflow':1",
        "count": 0,
        "cart": false
    },
    {
        "id": "7058458",
        "category": "Fruits & Vegetables",
        "storeID": "4429",
        "productID": "20426141001_KG",
        "title": "Tomato Beefsteak  Red",
        "brand": null,
        "regprice": null,
        "saleprice": "$1.77",
        "wasprice": "$1.94",
        "sale": "SAVE $0.17",
        "image": "https://assets.shop.loblaws.ca/products/20426141001/b3/en/front/20426141001_front_a06_@2.png",
        "point": null,
        "stock": null,
        "weight": "$6.61/1kg $3.00/1lb",
        "last_update": "2025-01-10",
        "storetype": "Loblaws",
        "member_price": null,
        "non_member_price": null,
        "desc_price": null,
        "temp_id": null,
        "tsv_title_brand": "'beefsteak':2 'red':3 'tomato':1",
        "count": 0,
        "cart": false
    },
    {
        "id": "7058446",
        "category": "Fruits & Vegetables",
        "storeID": "4429",
        "productID": "20020863001_KG",
        "title": "Taiwanese Flat Cabbage",
        "brand": null,
        "regprice": null,
        "saleprice": "$3.19",
        "wasprice": "$3.71",
        "sale": "SAVE $0.52",
        "image": "https://assets.shop.loblaws.ca/products/20020863001/b3/en/front/20020863001_front_a06_@2.png",
        "point": null,
        "stock": null,
        "weight": "$2.82/1kg $1.28/1lb",
        "last_update": "2025-01-10",
        "storetype": "Loblaws",
        "member_price": null,
        "non_member_price": null,
        "desc_price": null,
        "temp_id": null,
        "tsv_title_brand": "'cabbag':3 'flat':2 'taiwanes':1",
        "count": 0,
        "cart": false
    },
    {
        "id": "7058976",
        "category": "Fruits & Vegetables",
        "storeID": "4429",
        "productID": "20059635001_EA",
        "title": "Mango",
        "brand": null,
        "regprice": null,
        "saleprice": "$1.88",
        "wasprice": "$2.49",
        "sale": "SAVE $0.61",
        "image": "https://assets.shop.loblaws.ca/products/20059635001/b3/en/front/20059635001_front_a06_@2.png",
        "point": null,
        "stock": null,
        "weight": "1 ea, $1.88/1ea",
        "last_update": "2025-01-10",
        "storetype": "Loblaws",
        "member_price": null,
        "non_member_price": null,
        "desc_price": null,
        "temp_id": null,
        "tsv_title_brand": "'mango':1",
        "count": 0,
        "cart": false
    },
    {
        "id": "7058983",
        "category": "Fruits & Vegetables",
        "storeID": "4429",
        "productID": "21086003001_EA",
        "title": "Naturally Imperfect Avocados, 3 lb Bag",
        "brand": "No Name",
        "regprice": null,
        "saleprice": "$8.00",
        "wasprice": "$10.00",
        "sale": "SAVE $2.00",
        "image": "https://assets.shop.loblaws.ca/products/21086003001/b3/en/front/21086003001_front_a06_@2.png",
        "point": null,
        "stock": null,
        "weight": "1.36 kg, $0.59/100g",
        "last_update": "2025-01-10",
        "storetype": "Loblaws",
        "member_price": null,
        "non_member_price": null,
        "desc_price": null,
        "temp_id": null,
        "tsv_title_brand": "'3':4 'avocado':3 'bag':6 'imperfect':2 'lb':5 'name':8 'natur':1",
        "count": 0,
        "cart": false
    },
    {
        "id": "7058949",
        "category": "Fruits & Vegetables",
        "storeID": "4429",
        "productID": "20425775001_KG",
        "title": "Extra Large Green Seedless Grapes",
        "brand": null,
        "regprice": null,
        "saleprice": "$6.72",
        "wasprice": "$8.98",
        "sale": "SAVE $2.26",
        "image": "https://assets.shop.loblaws.ca/products/20425775001/b3/en/front/20425775001_front_a06_@2.png",
        "point": null,
        "stock": null,
        "weight": "$6.59/1kg $2.99/1lb",
        "last_update": "2025-01-10",
        "storetype": "Loblaws",
        "member_price": null,
        "non_member_price": null,
        "desc_price": null,
        "temp_id": null,
        "tsv_title_brand": "'extra':1 'grape':5 'green':3 'larg':2 'seedless':4",
        "count": 0,
        "cart": false
    },
    {
        "id": "7059041",
        "category": "Fruits & Vegetables",
        "storeID": "4429",
        "productID": "20081066001_KG",
        "title": "Fuji Apples",
        "brand": null,
        "regprice": null,
        "saleprice": "$0.87",
        "wasprice": "$0.93",
        "sale": "SAVE $0.06",
        "image": "https://assets.shop.loblaws.ca/products/20081066001/b3/en/front/20081066001_front_a06_@2.png",
        "point": null,
        "stock": null,
        "weight": "$4.14/1kg $1.88/1lb",
        "last_update": "2025-01-10",
        "storetype": "Loblaws",
        "member_price": null,
        "non_member_price": null,
        "desc_price": null,
        "temp_id": null,
        "tsv_title_brand": "'appl':2 'fuji':1",
        "count": 0,
        "cart": false
    },
    {
        "id": "13389339",
        "category": "Fruits & Vegetables",
        "storeID": "4429",
        "productID": "20868985001_EA",
        "title": "Imperfect Apples, 6 lb bag",
        "brand": "No Name",
        "regprice": null,
        "saleprice": "$7.00",
        "wasprice": "$10.00",
        "sale": "SAVE $3.00",
        "image": "https://assets.shop.loblaws.ca/products/20868985001/b3/en/front/20868985001_front_a06_@2.png",
        "point": null,
        "stock": null,
        "weight": "2.72 kg, $0.26/100g",
        "last_update": "2025-01-10",
        "storetype": "Loblaws",
        "member_price": null,
        "non_member_price": null,
        "desc_price": null,
        "temp_id": null,
        "tsv_title_brand": "'6':3 'appl':2 'bag':5 'imperfect':1 'lb':4 'name':7",
        "count": 0,
        "cart": false
    },
    {
        "id": "13389426",
        "category": "Fruits & Vegetables",
        "storeID": "4429",
        "productID": "20159690001_KG",
        "title": "Red Cherries",
        "brand": null,
        "regprice": null,
        "saleprice": "$11.77",
        "wasprice": "$15.67",
        "sale": "SAVE $3.90",
        "image": "https://assets.shop.loblaws.ca/products/20159690001/b3/en/front/20159690001_front_a06_@2.png",
        "point": null,
        "stock": null,
        "weight": "$13.23/1kg $6.00/1lb",
        "last_update": "2025-01-10",
        "storetype": "Loblaws",
        "member_price": null,
        "non_member_price": null,
        "desc_price": null,
        "temp_id": null,
        "tsv_title_brand": "'cherri':2 'red':1",
        "count": 0,
        "cart": false
    },
    {
        "id": "7059019",
        "category": "Fruits & Vegetables",
        "storeID": "4429",
        "productID": "20157487001_EA",
        "title": "Fresh Coconut Young",
        "brand": null,
        "regprice": null,
        "saleprice": "$3.88",
        "wasprice": "$5.50",
        "sale": "SAVE $1.62",
        "image": "https://assets.shop.loblaws.ca/products/20157487001/b3/en/front/20157487001_front_a06_@2.png",
        "point": null,
        "stock": null,
        "weight": "1 ea, $3.88/1ea",
        "last_update": "2025-01-10",
        "storetype": "Loblaws",
        "member_price": null,
        "non_member_price": null,
        "desc_price": null,
        "temp_id": null,
        "tsv_title_brand": "'coconut':2 'fresh':1 'young':3",
        "count": 0,
        "cart": false
    },
    {
        "id": "7058987",
        "category": "Fruits & Vegetables",
        "storeID": "4429",
        "productID": "21124488001_EA",
        "title": "Naturally Imperfect Lemons, 4 lb Bag",
        "brand": "No Name",
        "regprice": null,
        "saleprice": "$7.00",
        "wasprice": "$8.99",
        "sale": "SAVE $1.99",
        "image": "https://assets.shop.loblaws.ca/products/21124488001/b3/en/front/21124488001_front_a06_@2.png",
        "point": null,
        "stock": null,
        "weight": "1.85 kg, $0.38/100g",
        "last_update": "2025-01-10",
        "storetype": "Loblaws",
        "member_price": null,
        "non_member_price": null,
        "desc_price": null,
        "temp_id": null,
        "tsv_title_brand": "'4':4 'bag':6 'imperfect':2 'lb':5 'lemon':3 'name':8 'natur':1",
        "count": 0,
        "cart": false
    },
    {
        "id": "13389343",
        "category": "Fruits & Vegetables",
        "storeID": "4429",
        "productID": "20697748001_EA",
        "title": "Navel Oranges Cara Cara, 3 lb Bag",
        "brand": "President's Choice",
        "regprice": null,
        "saleprice": "$8.00",
        "wasprice": "$9.00",
        "sale": "SAVE $1.00",
        "image": "https://assets.shop.loblaws.ca/products/20697748001/b3/en/front/20697748001_front_a06_@2.png",
        "point": null,
        "stock": null,
        "weight": "1.36 kg, $0.59/100g",
        "last_update": "2025-01-10",
        "storetype": "Loblaws",
        "member_price": null,
        "non_member_price": null,
        "desc_price": null,
        "temp_id": null,
        "tsv_title_brand": "'3':5 'bag':7 'cara':3,4 'choic':10 'lb':6 'navel':1 'orang':2 'presid':8",
        "count": 0,
        "cart": false
    },
    {
        "id": "7059023",
        "category": "Fruits & Vegetables",
        "storeID": "4429",
        "productID": "20035618001_KG",
        "title": "Yellow Asian Pears",
        "brand": null,
        "regprice": null,
        "saleprice": "$1.32",
        "wasprice": "$2.11",
        "sale": "SAVE $0.79",
        "image": "https://assets.shop.loblaws.ca/products/20035618001/b3/en/front/20035618001_front_a06_@2.png",
        "point": null,
        "stock": null,
        "weight": "$4.14/1kg $1.88/1lb",
        "last_update": "2025-01-10",
        "storetype": "Loblaws",
        "member_price": null,
        "non_member_price": null,
        "desc_price": null,
        "temp_id": null,
        "tsv_title_brand": "'asian':2 'pear':3 'yellow':1",
        "count": 0,
        "cart": false
    },
    {
        "id": "7059054",
        "category": "Fruits & Vegetables",
        "storeID": "4429",
        "productID": "20626393001_EA",
        "title": "Yellow Dragon Fruit",
        "brand": null,
        "regprice": null,
        "saleprice": "$3.88",
        "wasprice": "$5.99",
        "sale": "SAVE $2.11",
        "image": "https://assets.shop.loblaws.ca/products/20626393001/b3/en/front/20626393001_front_a06_@2.png",
        "point": null,
        "stock": null,
        "weight": "1 ea, $3.88/1ea",
        "last_update": "2025-01-10",
        "storetype": "Loblaws",
        "member_price": null,
        "non_member_price": null,
        "desc_price": null,
        "temp_id": null,
        "tsv_title_brand": "'dragon':2 'fruit':3 'yellow':1",
        "count": 0,
        "cart": false
    },
    {
        "id": "7058982",
        "category": "Fruits & Vegetables",
        "storeID": "4429",
        "productID": "20081390001_EA",
        "title": "Red Pummelos",
        "brand": "Sunkist",
        "regprice": null,
        "saleprice": "$2.88",
        "wasprice": "$3.49",
        "sale": "SAVE $0.61",
        "image": "https://assets.shop.loblaws.ca/products/20081390001/b3/en/front/20081390001_front_a06_@2.png",
        "point": null,
        "stock": null,
        "weight": "1 ea, $2.88/1ea",
        "last_update": "2025-01-10",
        "storetype": "Loblaws",
        "member_price": null,
        "non_member_price": null,
        "desc_price": null,
        "temp_id": null,
        "tsv_title_brand": "'pummelo':2 'red':1 'sunkist':3",
        "count": 0,
        "cart": false
    },
    {
        "id": "7058944",
        "category": "Fruits & Vegetables",
        "storeID": "4429",
        "productID": "20159199001_KG",
        "title": "Extra Large Red Seedless Grapes",
        "brand": null,
        "regprice": null,
        "saleprice": "$6.52",
        "wasprice": "$8.71",
        "sale": "SAVE $2.19",
        "image": "https://assets.shop.loblaws.ca/products/20159199001/b3/en/front/20159199001_front_a06_@2.png",
        "point": null,
        "stock": null,
        "weight": "$6.59/1kg $2.99/1lb",
        "last_update": "2025-01-10",
        "storetype": "Loblaws",
        "member_price": null,
        "non_member_price": null,
        "desc_price": null,
        "temp_id": null,
        "tsv_title_brand": "'extra':1 'grape':5 'larg':2 'red':3 'seedless':4",
        "count": 0,
        "cart": false
    },
    {
        "id": "7059217",
        "category": "Fruits & Vegetables",
        "storeID": "4429",
        "productID": "21204386_EA",
        "title": "Baby Spinach",
        "brand": "President's Choice",
        "regprice": null,
        "saleprice": "$6.50",
        "wasprice": "$7.00",
        "sale": "SAVE $0.50",
        "image": "https://assets.shop.loblaws.ca/products/21204386/b3/en/front/21204386_front_a06_@2.png",
        "point": null,
        "stock": null,
        "weight": "0.312 kg, $2.08/100g",
        "last_update": "2025-01-10",
        "storetype": "Loblaws",
        "member_price": null,
        "non_member_price": null,
        "desc_price": null,
        "temp_id": null,
        "tsv_title_brand": "'babi':1 'choic':5 'presid':3 'spinach':2",
        "count": 0,
        "cart": false
    },
    {
        "id": "7059338",
        "category": "Fruits & Vegetables",
        "storeID": "4429",
        "productID": "21203747_EA",
        "title": "Baby Spinach And Tender Red Lettuce",
        "brand": "President's Choice",
        "regprice": null,
        "saleprice": "$4.50",
        "wasprice": "$5.00",
        "sale": "SAVE $0.50",
        "image": "https://assets.shop.loblaws.ca/products/21203747/b3/en/front/21203747_front_a06_@2.png",
        "point": null,
        "stock": null,
        "weight": "0.142 kg, $3.17/100g",
        "last_update": "2025-01-10",
        "storetype": "Loblaws",
        "member_price": null,
        "non_member_price": null,
        "desc_price": null,
        "temp_id": null,
        "tsv_title_brand": "'babi':1 'choic':9 'lettuc':6 'presid':7 'red':5 'spinach':2 'tender':4",
        "count": 0,
        "cart": false
    },
    {
        "id": "7059324",
        "category": "Fruits & Vegetables",
        "storeID": "4429",
        "productID": "21203744_EA",
        "title": "Baby Arugula Spinach Blend",
        "brand": "President's Choice",
        "regprice": null,
        "saleprice": "$4.50",
        "wasprice": "$5.00",
        "sale": "SAVE $0.50",
        "image": "https://assets.shop.loblaws.ca/products/21203744/b3/en/front/21203744_front_a06_@2.png",
        "point": null,
        "stock": null,
        "weight": "0.142 kg, $3.17/100g",
        "last_update": "2025-01-10",
        "storetype": "Loblaws",
        "member_price": null,
        "non_member_price": null,
        "desc_price": null,
        "temp_id": null,
        "tsv_title_brand": "'arugula':2 'babi':1 'blend':4 'choic':7 'presid':5 'spinach':3",
        "count": 0,
        "cart": false
    },
    {
        "id": "7059327",
        "category": "Fruits & Vegetables",
        "storeID": "4429",
        "productID": "21203748_EA",
        "title": "Spring Mix",
        "brand": "President's Choice",
        "regprice": null,
        "saleprice": "$4.50",
        "wasprice": "$5.00",
        "sale": "SAVE $0.50",
        "image": "https://assets.shop.loblaws.ca/products/21203748/b3/en/front/21203748_front_a06_@2.png",
        "point": null,
        "stock": null,
        "weight": "0.142 kg, $3.17/100g",
        "last_update": "2025-01-10",
        "storetype": "Loblaws",
        "member_price": null,
        "non_member_price": null,
        "desc_price": null,
        "temp_id": null,
        "tsv_title_brand": "'choic':5 'mix':2 'presid':3 'spring':1",
        "count": 0,
        "cart": false
    },
    {
        "id": "7059639",
        "category": "Fruits & Vegetables",
        "storeID": "4429",
        "productID": "20732919_EA",
        "title": "Red Goodness",
        "brand": "Bolthouse",
        "regprice": null,
        "saleprice": "$4.00",
        "wasprice": "$6.99",
        "sale": "SAVE $2.99",
        "image": "https://assets.shop.loblaws.ca/products/20732919/b3/en/front/20732919_front_a06_@2.png",
        "point": null,
        "stock": null,
        "weight": "946 ml, $0.42/100ml",
        "last_update": "2025-01-10",
        "storetype": "Loblaws",
        "member_price": null,
        "non_member_price": null,
        "desc_price": null,
        "temp_id": null,
        "tsv_title_brand": "'bolthous':3 'good':2 'red':1",
        "count": 0,
        "cart": false
    },
    {
        "id": "7059638",
        "category": "Fruits & Vegetables",
        "storeID": "4429",
        "productID": "20280429_EA",
        "title": "Amazing Mango",
        "brand": "Bolthouse",
        "regprice": null,
        "saleprice": "$4.00",
        "wasprice": "$6.99",
        "sale": "SAVE $2.99",
        "image": "https://assets.shop.loblaws.ca/products/20280429/b3/en/front/20280429_front_a06_@2.png",
        "point": null,
        "stock": null,
        "weight": "946 ml, $0.42/100ml",
        "last_update": "2025-01-10",
        "storetype": "Loblaws",
        "member_price": null,
        "non_member_price": null,
        "desc_price": null,
        "temp_id": null,
        "tsv_title_brand": "'amaz':1 'bolthous':3 'mango':2",
        "count": 0,
        "cart": false
    },
    {
        "id": "7059630",
        "category": "Fruits & Vegetables",
        "storeID": "4429",
        "productID": "20325816_EA",
        "title": "Berry Boost",
        "brand": "Bolthouse",
        "regprice": null,
        "saleprice": "$4.00",
        "wasprice": "$6.99",
        "sale": "SAVE $2.99",
        "image": "https://assets.shop.loblaws.ca/products/20325816/b3/en/front/20325816_front_a06_@2.png",
        "point": null,
        "stock": null,
        "weight": "946 ml, $0.42/100ml",
        "last_update": "2025-01-10",
        "storetype": "Loblaws",
        "member_price": null,
        "non_member_price": null,
        "desc_price": null,
        "temp_id": null,
        "tsv_title_brand": "'berri':1 'bolthous':3 'boost':2",
        "count": 0,
        "cart": false
    },
    {
        "id": "7059663",
        "category": "Fruits & Vegetables",
        "storeID": "4429",
        "productID": "20000005_EA",
        "title": "Fresh-Pressed Sweet Apple Cider",
        "brand": "President's Choice",
        "regprice": null,
        "saleprice": "$8.50",
        "wasprice": "$8.99",
        "sale": "SAVE $0.49",
        "image": "https://assets.shop.loblaws.ca/products/20000005/b3/EN/front/20000005_front_a06_@2.png",
        "point": null,
        "stock": null,
        "weight": "3 l, $0.28/100ml",
        "last_update": "2025-01-10",
        "storetype": "Loblaws",
        "member_price": "Prepared in Canada",
        "non_member_price": null,
        "desc_price": null,
        "temp_id": null,
        "tsv_title_brand": "'appl':5 'choic':9 'cider':6 'fresh':2 'fresh-press':1 'presid':7 'press':3 'sweet':4",
        "count": 0,
        "cart": false
    },
    {
        "id": "7059634",
        "category": "Fruits & Vegetables",
        "storeID": "4429",
        "productID": "20589752_EA",
        "title": "Juice, 100% Pomegranate",
        "brand": "Bolthouse",
        "regprice": null,
        "saleprice": "$8.00",
        "wasprice": "$14.00",
        "sale": "SAVE $6.00",
        "image": "https://assets.shop.loblaws.ca/products/20589752/b3/en/front/20589752_front_a06_@2.png",
        "point": null,
        "stock": null,
        "weight": "1.54 l, $0.52/100ml",
        "last_update": "2025-01-10",
        "storetype": "Loblaws",
        "member_price": null,
        "non_member_price": null,
        "desc_price": null,
        "temp_id": null,
        "tsv_title_brand": "'100':2 'bolthous':4 'juic':1 'pomegran':3",
        "count": 0,
        "cart": false
    },
    {
        "id": "7059658",
        "category": "Fruits & Vegetables",
        "storeID": "4429",
        "productID": "20164122_EA",
        "title": "100% Carrot",
        "brand": "Bolthouse",
        "regprice": null,
        "saleprice": "$4.00",
        "wasprice": "$6.99",
        "sale": "SAVE $2.99",
        "image": "https://assets.shop.loblaws.ca/products/20164122/b3/en/front/20164122_front_a06_@2.png",
        "point": null,
        "stock": null,
        "weight": "946 ml, $0.42/100ml",
        "last_update": "2025-01-10",
        "storetype": "Loblaws",
        "member_price": null,
        "non_member_price": null,
        "desc_price": null,
        "temp_id": null,
        "tsv_title_brand": "'100':1 'bolthous':3 'carrot':2",
        "count": 0,
        "cart": false
    },
    {
        "id": "7059660",
        "category": "Fruits & Vegetables",
        "storeID": "4429",
        "productID": "21543050_EA",
        "title": "100% Orange Juice",
        "brand": "Bolthouse",
        "regprice": null,
        "saleprice": "$6.00",
        "wasprice": "$7.00",
        "sale": "SAVE $1.00",
        "image": "https://assets.shop.loblaws.ca/products/21543050/b3/en/front/21543050_front_a06_@2.png",
        "point": null,
        "stock": null,
        "weight": "946 ml, $0.63/100ml",
        "last_update": "2025-01-10",
        "storetype": "Loblaws",
        "member_price": null,
        "non_member_price": null,
        "desc_price": null,
        "temp_id": null,
        "tsv_title_brand": "'100':1 'bolthous':4 'juic':3 'orang':2",
        "count": 0,
        "cart": false
    },
    {
        "id": "7059656",
        "category": "Fruits & Vegetables",
        "storeID": "4429",
        "productID": "20311201_EA",
        "title": "C-Boost",
        "brand": "Bolthouse",
        "regprice": null,
        "saleprice": "$4.00",
        "wasprice": "$6.99",
        "sale": "SAVE $2.99",
        "image": "https://assets.shop.loblaws.ca/products/20311201/b3/en/front/20311201_front_a06_@2.png",
        "point": null,
        "stock": null,
        "weight": "946 ml, $0.42/100ml",
        "last_update": "2025-01-10",
        "storetype": "Loblaws",
        "member_price": null,
        "non_member_price": null,
        "desc_price": null,
        "temp_id": null,
        "tsv_title_brand": "'bolthous':4 'boost':3 'c':2 'c-boost':1",
        "count": 0,
        "cart": false
    },
    {
        "id": "7059655",
        "category": "Fruits & Vegetables",
        "storeID": "4429",
        "productID": "20301788_EA",
        "title": "Green Goodness",
        "brand": "Bolthouse",
        "regprice": null,
        "saleprice": "$4.00",
        "wasprice": "$6.99",
        "sale": "SAVE $2.99",
        "image": "https://assets.shop.loblaws.ca/products/20301788/b3/en/front/20301788_front_a06_@2.png",
        "point": null,
        "stock": null,
        "weight": "946 ml, $0.42/100ml",
        "last_update": "2025-01-10",
        "storetype": "Loblaws",
        "member_price": null,
        "non_member_price": null,
        "desc_price": null,
        "temp_id": null,
        "tsv_title_brand": "'bolthous':3 'good':2 'green':1",
        "count": 0,
        "cart": false
    },
    {
        "id": "7059657",
        "category": "Fruits & Vegetables",
        "storeID": "4429",
        "productID": "20322371_EA",
        "title": "Vanilla Chai Tea",
        "brand": "Bolthouse",
        "regprice": null,
        "saleprice": "$4.00",
        "wasprice": "$6.99",
        "sale": "SAVE $2.99",
        "image": "https://assets.shop.loblaws.ca/products/20322371/b3/en/front/20322371_front_a06_@2.png",
        "point": null,
        "stock": null,
        "weight": "946 ml, $0.42/100ml",
        "last_update": "2025-01-10",
        "storetype": "Loblaws",
        "member_price": null,
        "non_member_price": null,
        "desc_price": null,
        "temp_id": null,
        "tsv_title_brand": "'bolthous':4 'chai':2 'tea':3 'vanilla':1",
        "count": 0,
        "cart": false
    },
    {
        "id": "7059628",
        "category": "Fruits & Vegetables",
        "storeID": "4429",
        "productID": "20316397_EA",
        "title": "Strawberry Banana",
        "brand": "Bolthouse",
        "regprice": null,
        "saleprice": "$4.00",
        "wasprice": "$6.99",
        "sale": "SAVE $2.99",
        "image": "https://assets.shop.loblaws.ca/products/20316397/b3/en/front/20316397_front_a06_@2.png",
        "point": null,
        "stock": null,
        "weight": "946 ml, $0.42/100ml",
        "last_update": "2025-01-10",
        "storetype": "Loblaws",
        "member_price": null,
        "non_member_price": null,
        "desc_price": null,
        "temp_id": null,
        "tsv_title_brand": "'banana':2 'bolthous':3 'strawberri':1",
        "count": 0,
        "cart": false
    },
    {
        "id": "7059640",
        "category": "Fruits & Vegetables",
        "storeID": "4429",
        "productID": "20319871_EA",
        "title": "Blue Goodness",
        "brand": "Bolthouse",
        "regprice": null,
        "saleprice": "$4.00",
        "wasprice": "$6.99",
        "sale": "SAVE $2.99",
        "image": "https://assets.shop.loblaws.ca/products/20319871/b3/en/front/20319871_front_a06_@2.png",
        "point": null,
        "stock": null,
        "weight": "946 ml, $0.42/100ml",
        "last_update": "2025-01-10",
        "storetype": "Loblaws",
        "member_price": null,
        "non_member_price": null,
        "desc_price": null,
        "temp_id": null,
        "tsv_title_brand": "'blue':1 'bolthous':3 'good':2",
        "count": 0,
        "cart": false
    },
    {
        "id": "7059643",
        "category": "Fruits & Vegetables",
        "storeID": "4429",
        "productID": "20312999_EA",
        "title": "Mocha Cappuccino",
        "brand": "Bolthouse",
        "regprice": null,
        "saleprice": "$4.00",
        "wasprice": "$6.99",
        "sale": "SAVE $2.99",
        "image": "https://assets.shop.loblaws.ca/products/20312999/b3/en/front/20312999_front_a06_@2.png",
        "point": null,
        "stock": null,
        "weight": "946 ml, $0.42/100ml",
        "last_update": "2025-01-10",
        "storetype": "Loblaws",
        "member_price": null,
        "non_member_price": null,
        "desc_price": null,
        "temp_id": null,
        "tsv_title_brand": "'bolthous':3 'cappuccino':2 'mocha':1",
        "count": 0,
        "cart": false
    },
    {
        "id": "7078833",
        "category": "Deli",
        "storeID": "4429",
        "productID": "20320534_KG",
        "title": "Black Forest Ham, Traditional",
        "brand": "Ziggy's",
        "regprice": null,
        "saleprice": "$1.99",
        "wasprice": "$3.29",
        "sale": "SAVE $1.30",
        "image": "https://assets.shop.loblaws.ca/products/20320534/b3/en/front/20320534_front_a06_@2.png",
        "point": null,
        "stock": null,
        "weight": "$19.90/1kg",
        "last_update": "2024-11-20",
        "storetype": "Loblaws",
        "member_price": null,
        "non_member_price": null,
        "desc_price": null,
        "temp_id": null,
        "tsv_title_brand": "'black':1 'forest':2 'ham':3 'tradit':4 'ziggi':5",
        "count": 0,
        "cart": false
    },
    {
        "id": "7078878",
        "category": "Deli",
        "storeID": "4429",
        "productID": "21099386_EA",
        "title": "Turkey Bites Smoked Turkey Sausage Original",
        "brand": "Pillers",
        "regprice": null,
        "saleprice": "$10.99",
        "wasprice": "$12.49",
        "sale": "SAVE $1.50",
        "image": "https://assets.shop.loblaws.ca/products/21099386/b3/en/front/21099386_front_a06_@2.png",
        "point": null,
        "stock": null,
        "weight": "300 g, $3.66/100g",
        "last_update": "2024-11-20",
        "storetype": "Loblaws",
        "member_price": "Prepared in Canada",
        "non_member_price": null,
        "desc_price": null,
        "temp_id": null,
        "tsv_title_brand": "'bite':2 'origin':6 'piller':7 'sausag':5 'smoke':3 'turkey':1,4",
        "count": 0,
        "cart": false
    },
    {
        "id": "7067918",
        "category": "International Foods",
        "storeID": "4429",
        "productID": "21023769_EA",
        "title": "Cookies Pista-Almond",
        "brand": "Britannia",
        "regprice": null,
        "saleprice": "$3.00",
        "wasprice": "$3.29",
        "sale": "SAVE $0.29",
        "image": "https://assets.shop.loblaws.ca/products/21023769/b3/en/front/21023769_front_a06_@2.png",
        "point": null,
        "stock": null,
        "weight": "231 g, $1.30/100g",
        "last_update": "2024-11-20",
        "storetype": "Loblaws",
        "member_price": null,
        "non_member_price": null,
        "desc_price": null,
        "temp_id": null,
        "tsv_title_brand": "'almond':4 'britannia':5 'cooki':1 'pista':3 'pista-almond':2",
        "count": 0,
        "cart": false
    },
    {
        "id": "7060505",
        "category": "Dairy & Eggs",
        "storeID": "4429",
        "productID": "20301822001_EA",
        "title": "Milk Lactose Free 2% Partly Skimmed",
        "brand": "Lactantia",
        "regprice": null,
        "saleprice": "$5.99",
        "wasprice": "$6.47",
        "sale": "SAVE $0.48",
        "image": "https://assets.shop.loblaws.ca/products/20301822001/b3/en/front/20301822001_front_a06_@2.png",
        "point": null,
        "stock": null,
        "weight": "2 l, $0.30/100ml",
        "last_update": "2024-11-20",
        "storetype": "Loblaws",
        "member_price": null,
        "non_member_price": null,
        "desc_price": null,
        "temp_id": null,
        "tsv_title_brand": "'2':4 'free':3 'lactantia':7 'lactos':2 'milk':1 'part':5 'skim':6",
        "count": 0,
        "cart": false
    },
    {
        "id": "7059900",
        "category": "Dairy & Eggs",
        "storeID": "4429",
        "productID": "21601712_EA",
        "title": "Lactose Free Butter Unsalted",
        "brand": "Lactantia",
        "regprice": null,
        "saleprice": "$7.49",
        "wasprice": "$8.99",
        "sale": "SAVE $1.50",
        "image": "https://assets.shop.loblaws.ca/products/21601712/b3/en/front/21601712_front_a06_@2.png",
        "point": null,
        "stock": null,
        "weight": "454 g, $1.65/100g",
        "last_update": "2024-11-20",
        "storetype": "Loblaws",
        "member_price": null,
        "non_member_price": null,
        "desc_price": null,
        "temp_id": null,
        "tsv_title_brand": "'butter':3 'free':2 'lactantia':5 'lactos':1 'unsalt':4",
        "count": 0,
        "cart": false
    },
    {
        "id": "7059896",
        "category": "Dairy & Eggs",
        "storeID": "4429",
        "productID": "20315960_EA",
        "title": "Country Churned Salted Butter, 4 Units",
        "brand": "Lactantia",
        "regprice": null,
        "saleprice": "$7.49",
        "wasprice": "$8.99",
        "sale": "SAVE $1.50",
        "image": "https://assets.shop.loblaws.ca/products/20315960/b3/en/front/20315960_front_a06_@2.png",
        "point": null,
        "stock": null,
        "weight": "4x113.0 g, $1.66/100g",
        "last_update": "2024-11-20",
        "storetype": "Loblaws",
        "member_price": "Prepared in Canada",
        "non_member_price": null,
        "desc_price": null,
        "temp_id": null,
        "tsv_title_brand": "'4':5 'butter':4 'churn':2 'countri':1 'lactantia':7 'salt':3 'unit':6",
        "count": 0,
        "cart": false
    },
    {
        "id": "7059897",
        "category": "Dairy & Eggs",
        "storeID": "4429",
        "productID": "21279333_EA",
        "title": "Margarine Vegan",
        "brand": "Becel",
        "regprice": null,
        "saleprice": "$6.99",
        "wasprice": "$7.99",
        "sale": "SAVE $1.00",
        "image": "https://assets.shop.loblaws.ca/products/21279333/b3/en/front/21279333_front_a06_@2.png",
        "point": null,
        "stock": null,
        "weight": "850 g, $0.82/100g",
        "last_update": "2024-11-20",
        "storetype": "Loblaws",
        "member_price": "Prepared in Canada",
        "non_member_price": null,
        "desc_price": null,
        "temp_id": null,
        "tsv_title_brand": "'becel':3 'margarin':1 'vegan':2",
        "count": 0,
        "cart": false
    },
    {
        "id": "7059892",
        "category": "Dairy & Eggs",
        "storeID": "4429",
        "productID": "20061949001_EA",
        "title": "Margarine Spread",
        "brand": "I Can't Believe It's Not Butter!",
        "regprice": null,
        "saleprice": "$2.00",
        "wasprice": "$4.29",
        "sale": "SAVE $2.29",
        "image": "https://assets.shop.loblaws.ca/products/20061949001/b3/en/front/20061949001_front_a06_@2.png",
        "point": null,
        "stock": null,
        "weight": "427 g, $0.47/100g",
        "last_update": "2024-11-20",
        "storetype": "Loblaws",
        "member_price": null,
        "non_member_price": null,
        "desc_price": null,
        "temp_id": null,
        "tsv_title_brand": "'believ':6 'butter':10 'margarin':1 'spread':2",
        "count": 0,
        "cart": false
    },
    {
        "id": "7060899",
        "category": "Dairy & Eggs",
        "storeID": "4429",
        "productID": "21091311_EA",
        "title": "Coffee Mate Double Double-Mate Liquid Coffee Enhancer",
        "brand": "Nestlé",
        "regprice": null,
        "saleprice": "$6.49",
        "wasprice": "$6.99",
        "sale": "SAVE $0.50",
        "image": "https://assets.shop.loblaws.ca/products/21091311/b3/en/front/21091311_front_a06_@2.png",
        "point": null,
        "stock": null,
        "weight": "946 ml, $0.69/100ml",
        "last_update": "2024-11-20",
        "storetype": "Loblaws",
        "member_price": null,
        "non_member_price": null,
        "desc_price": null,
        "temp_id": null,
        "tsv_title_brand": "'coffe':1,8 'doubl':3,5 'double-m':4 'enhanc':9 'liquid':7 'mate':2,6 'nestlé':10",
        "count": 0,
        "cart": false
    },
    {
        "id": "7059895",
        "category": "Dairy & Eggs",
        "storeID": "4429",
        "productID": "20313456001_EA",
        "title": "Country Churned Unsalted Butter",
        "brand": "President's Choice",
        "regprice": null,
        "saleprice": "$6.99",
        "wasprice": "$8.49",
        "sale": "SAVE $1.50",
        "image": "https://assets.shop.loblaws.ca/products/20313456001/b3/en/front/20313456001_front_a06_@2.png",
        "point": null,
        "stock": null,
        "weight": "454 g, $1.54/100g",
        "last_update": "2024-11-20",
        "storetype": "Loblaws",
        "member_price": "Prepared in Canada",
        "non_member_price": null,
        "desc_price": null,
        "temp_id": null,
        "tsv_title_brand": "'butter':4 'choic':7 'churn':2 'countri':1 'presid':5 'unsalt':3",
        "count": 0,
        "cart": false
    },
    {
        "id": "7060507",
        "category": "Dairy & Eggs",
        "storeID": "4429",
        "productID": "20057494_EA",
        "title": "Lactose Free Skim Milk",
        "brand": "Lactantia",
        "regprice": null,
        "saleprice": "$5.99",
        "wasprice": "$6.47",
        "sale": "SAVE $0.48",
        "image": "https://assets.shop.loblaws.ca/products/20057494/b3/en/front/20057494_front_a06_@2.png",
        "point": null,
        "stock": null,
        "weight": "2 l, $0.30/100ml",
        "last_update": "2024-11-20",
        "storetype": "Loblaws",
        "member_price": null,
        "non_member_price": null,
        "desc_price": null,
        "temp_id": null,
        "tsv_title_brand": "'free':2 'lactantia':5 'lactos':1 'milk':4 'skim':3",
        "count": 0,
        "cart": false
    },
    {
        "id": "7060124",
        "category": "Dairy & Eggs",
        "storeID": "4429",
        "productID": "21288850_EA",
        "title": "Butter Puff Pastry",
        "brand": "President's Choice",
        "regprice": null,
        "saleprice": "$6.99",
        "wasprice": "$7.49",
        "sale": "SAVE $0.50",
        "image": "https://assets.shop.loblaws.ca/products/21288850/b3/en/front/21288850_front_a06_@2.png",
        "point": null,
        "stock": null,
        "weight": "450 g, $1.55/100g",
        "last_update": "2024-11-20",
        "storetype": "Loblaws",
        "member_price": null,
        "non_member_price": null,
        "desc_price": null,
        "temp_id": null,
        "tsv_title_brand": "'butter':1 'choic':6 'pastri':3 'presid':4 'puff':2",
        "count": 0,
        "cart": false
    },
    {
        "id": "7060893",
        "category": "Dairy & Eggs",
        "storeID": "4429",
        "productID": "21424994_EA",
        "title": "PūrFiltre Milk 3.25% Homogenized",
        "brand": "Lactantia",
        "regprice": null,
        "saleprice": "$5.99",
        "wasprice": "$6.49",
        "sale": "SAVE $0.50",
        "image": "https://assets.shop.loblaws.ca/products/21424994/b3/en/front/21424994_front_a06_@2.png",
        "point": null,
        "stock": null,
        "weight": "2 l, $0.30/100ml",
        "last_update": "2024-11-20",
        "storetype": "Loblaws",
        "member_price": null,
        "non_member_price": null,
        "desc_price": null,
        "temp_id": null,
        "tsv_title_brand": "'3.25':3 'homogen':4 'lactantia':5 'milk':2 'pūrfiltr':1",
        "count": 0,
        "cart": false
    },
    {
        "id": "7060506",
        "category": "Dairy & Eggs",
        "storeID": "4429",
        "productID": "20301822002_EA",
        "title": "Milk Lactose Free 1% Partly Skimmed",
        "brand": "Lactantia",
        "regprice": null,
        "saleprice": "$5.99",
        "wasprice": "$6.47",
        "sale": "SAVE $0.48",
        "image": "https://assets.shop.loblaws.ca/products/20301822002/b3/en/front/20301822002_front_a06_@2.png",
        "point": null,
        "stock": null,
        "weight": "2 l, $0.30/100ml",
        "last_update": "2024-11-20",
        "storetype": "Loblaws",
        "member_price": null,
        "non_member_price": null,
        "desc_price": null,
        "temp_id": null,
        "tsv_title_brand": "'1':4 'free':3 'lactantia':7 'lactos':2 'milk':1 'part':5 'skim':6",
        "count": 0,
        "cart": false
    },
    {
        "id": "7061211",
        "category": "Dairy & Eggs",
        "storeID": "4429",
        "productID": "21290616_EA",
        "title": "Tex Mex Shredded Cheese",
        "brand": "Cracker Barrel",
        "regprice": null,
        "saleprice": "$6.99",
        "wasprice": "$8.79",
        "sale": "SAVE $1.80",
        "image": "https://assets.shop.loblaws.ca/products/21290616/b3/en/front/21290616_front_a06_@2.png",
        "point": null,
        "stock": null,
        "weight": "320 g, $2.18/100g",
        "last_update": "2024-11-20",
        "storetype": "Loblaws",
        "member_price": null,
        "non_member_price": null,
        "desc_price": null,
        "temp_id": null,
        "tsv_title_brand": "'barrel':6 'chees':4 'cracker':5 'mex':2 'shred':3 'tex':1",
        "count": 0,
        "cart": false
    },
    {
        "id": "7061220",
        "category": "Dairy & Eggs",
        "storeID": "4429",
        "productID": "21536865_EA",
        "title": "Mediterranean Medley Shredded Cheese White Cheddar & Parmesan",
        "brand": "Cracker Barrel",
        "regprice": null,
        "saleprice": "$6.99",
        "wasprice": "$8.79",
        "sale": "SAVE $1.80",
        "image": "https://assets.shop.loblaws.ca/products/21536865/b3/en/front/21536865_front_a06_@2.png",
        "point": null,
        "stock": null,
        "weight": "320 g, $2.18/100g",
        "last_update": "2024-11-20",
        "storetype": "Loblaws",
        "member_price": null,
        "non_member_price": null,
        "desc_price": null,
        "temp_id": null,
        "tsv_title_brand": "'barrel':9 'cheddar':6 'chees':4 'cracker':8 'mediterranean':1 'medley':2 'parmesan':7 'shred':3 'white':5",
        "count": 0,
        "cart": false
    },
    {
        "id": "7060509",
        "category": "Dairy & Eggs",
        "storeID": "4429",
        "productID": "20595216_EA",
        "title": "Lactose Free Milk Homo",
        "brand": "Lactantia",
        "regprice": null,
        "saleprice": "$5.99",
        "wasprice": "$6.65",
        "sale": "SAVE $0.66",
        "image": "https://assets.shop.loblaws.ca/products/20595216/b3/en/front/20595216_front_a06_@2.png",
        "point": null,
        "stock": null,
        "weight": "2 l, $0.30/100ml",
        "last_update": "2024-11-20",
        "storetype": "Loblaws",
        "member_price": null,
        "non_member_price": null,
        "desc_price": null,
        "temp_id": null,
        "tsv_title_brand": "'free':2 'homo':4 'lactantia':5 'lactos':1 'milk':3",
        "count": 0,
        "cart": false
    },
    {
        "id": "7060762",
        "category": "Dairy & Eggs",
        "storeID": "4429",
        "productID": "21091262_EA",
        "title": "Coffee Mate Liquid Hazelnut",
        "brand": "Nestlé",
        "regprice": null,
        "saleprice": "$6.49",
        "wasprice": "$6.99",
        "sale": "SAVE $0.50",
        "image": "https://assets.shop.loblaws.ca/products/21091262/b3/en/front/21091262_front_a06_@2.png",
        "point": null,
        "stock": null,
        "weight": "946 ml, $0.69/100ml",
        "last_update": "2024-11-20",
        "storetype": "Loblaws",
        "member_price": null,
        "non_member_price": null,
        "desc_price": null,
        "temp_id": null,
        "tsv_title_brand": "'coffe':1 'hazelnut':4 'liquid':3 'mate':2 'nestlé':5",
        "count": 0,
        "cart": false
    },
    {
        "id": "7060904",
        "category": "Dairy & Eggs",
        "storeID": "4429",
        "productID": "21531227_EA",
        "title": "Coffee Original Blend With Milk",
        "brand": "UCC",
        "regprice": null,
        "saleprice": "$1.79",
        "wasprice": "$1.99",
        "sale": "SAVE $0.20",
        "image": "https://assets.shop.loblaws.ca/products/21531227/b3/en/front/21531227_front_a06_@2.png",
        "point": null,
        "stock": null,
        "weight": "337 ml, $0.53/100ml",
        "last_update": "2024-11-20",
        "storetype": "Loblaws",
        "member_price": null,
        "non_member_price": null,
        "desc_price": null,
        "temp_id": null,
        "tsv_title_brand": "'blend':3 'coffe':1 'milk':5 'origin':2 'ucc':6",
        "count": 0,
        "cart": false
    },
    {
        "id": "7060891",
        "category": "Dairy & Eggs",
        "storeID": "4429",
        "productID": "21040956_EA",
        "title": "Chocolate Milkshake",
        "brand": "Neilson",
        "regprice": null,
        "saleprice": "$1.00",
        "wasprice": "$2.29",
        "sale": "SAVE $1.29",
        "image": "https://assets.shop.loblaws.ca/products/21040956/b3/en/front/21040956_front_a06_@2.png",
        "point": null,
        "stock": null,
        "weight": "310 ml, $0.32/100ml",
        "last_update": "2024-11-20",
        "storetype": "Loblaws",
        "member_price": "Prepared in Canada",
        "non_member_price": null,
        "desc_price": null,
        "temp_id": null,
        "tsv_title_brand": "'chocol':1 'milkshak':2 'neilson':3",
        "count": 0,
        "cart": false
    },
    {
        "id": "7061149",
        "category": "Dairy & Eggs",
        "storeID": "4429",
        "productID": "21060183_EA",
        "title": "Triple Cheddar Shredded Cheese Blend",
        "brand": "President's Choice",
        "regprice": null,
        "saleprice": "$5.00",
        "wasprice": "$6.99",
        "sale": "SAVE $1.99",
        "image": "https://assets.shop.loblaws.ca/products/21060183/b3/en/front/21060183_front_a06_@2.png",
        "point": null,
        "stock": null,
        "weight": "320 g, $1.56/100g",
        "last_update": "2024-11-20",
        "storetype": "Loblaws",
        "member_price": "Prepared in Canada",
        "non_member_price": null,
        "desc_price": null,
        "temp_id": null,
        "tsv_title_brand": "'blend':5 'cheddar':2 'chees':4 'choic':8 'presid':6 'shred':3 'tripl':1",
        "count": 0,
        "cart": false
    },
    {
        "id": "7061144",
        "category": "Dairy & Eggs",
        "storeID": "4429",
        "productID": "21289577_EA",
        "title": "Smoke Flavoured Cheddar Cheese",
        "brand": "President's Choice",
        "regprice": null,
        "saleprice": "$6.49",
        "wasprice": "$6.99",
        "sale": "SAVE $0.50",
        "image": "https://assets.shop.loblaws.ca/products/21289577/b3/en/front/21289577_front_a06_@2.png",
        "point": null,
        "stock": null,
        "weight": "400 g, $1.62/100g",
        "last_update": "2024-11-20",
        "storetype": "Loblaws",
        "member_price": null,
        "non_member_price": null,
        "desc_price": null,
        "temp_id": null,
        "tsv_title_brand": "'cheddar':3 'chees':4 'choic':7 'flavour':2 'presid':5 'smoke':1",
        "count": 0,
        "cart": false
    },
    {
        "id": "7061155",
        "category": "Dairy & Eggs",
        "storeID": "4429",
        "productID": "21200685_EA",
        "title": "Smoke Flavoured Shredded Cheddar Cheese",
        "brand": "President's Choice",
        "regprice": null,
        "saleprice": "$5.00",
        "wasprice": "$6.99",
        "sale": "SAVE $1.99",
        "image": "https://assets.shop.loblaws.ca/products/21200685/b3/en/front/21200685_front_a06_@2.png",
        "point": null,
        "stock": null,
        "weight": "320 g, $1.56/100g",
        "last_update": "2024-11-20",
        "storetype": "Loblaws",
        "member_price": null,
        "non_member_price": null,
        "desc_price": null,
        "temp_id": null,
        "tsv_title_brand": "'cheddar':4 'chees':5 'choic':8 'flavour':2 'presid':6 'shred':3 'smoke':1",
        "count": 0,
        "cart": false
    },
    {
        "id": "7060514",
        "category": "Dairy & Eggs",
        "storeID": "4429",
        "productID": "21289664_EA",
        "title": "Lactose Free Marble Cheddar",
        "brand": "President's Choice",
        "regprice": null,
        "saleprice": "$6.49",
        "wasprice": "$6.99",
        "sale": "SAVE $0.50",
        "image": "https://assets.shop.loblaws.ca/products/21289664/b3/en/front/21289664_front_a06_@2.png",
        "point": null,
        "stock": null,
        "weight": "400 g, $1.62/100g",
        "last_update": "2024-11-20",
        "storetype": "Loblaws",
        "member_price": null,
        "non_member_price": null,
        "desc_price": null,
        "temp_id": null,
        "tsv_title_brand": "'cheddar':4 'choic':7 'free':2 'lactos':1 'marbl':3 'presid':5",
        "count": 0,
        "cart": false
    },
    {
        "id": "7061400",
        "category": "Dairy & Eggs",
        "storeID": "4429",
        "productID": "21060207_EA",
        "title": "Tex Mex Shredded Cheese Blend",
        "brand": "President's Choice",
        "regprice": null,
        "saleprice": "$5.00",
        "wasprice": "$6.99",
        "sale": "SAVE $1.99",
        "image": "https://assets.shop.loblaws.ca/products/21060207/b3/en/front/21060207_front_a06_@2.png",
        "point": null,
        "stock": null,
        "weight": "320 g, $1.56/100g",
        "last_update": "2024-11-20",
        "storetype": "Loblaws",
        "member_price": "Prepared in Canada",
        "non_member_price": null,
        "desc_price": null,
        "temp_id": null,
        "tsv_title_brand": "'blend':5 'chees':4 'choic':8 'mex':2 'presid':6 'shred':3 'tex':1",
        "count": 0,
        "cart": false
    },
    {
        "id": "7061415",
        "category": "Dairy & Eggs",
        "storeID": "4429",
        "productID": "21475493_EA",
        "title": "Pizza Mozzarella and Cheddar Shredded Cheese Blend",
        "brand": "President's Choice",
        "regprice": null,
        "saleprice": "$5.00",
        "wasprice": "$6.99",
        "sale": "SAVE $1.99",
        "image": "https://assets.shop.loblaws.ca/products/21475493/b3/en/front/21475493_front_a06_@2.png",
        "point": null,
        "stock": null,
        "weight": "320 g, $1.56/100g",
        "last_update": "2024-11-20",
        "storetype": "Loblaws",
        "member_price": null,
        "non_member_price": null,
        "desc_price": null,
        "temp_id": null,
        "tsv_title_brand": "'blend':7 'cheddar':4 'chees':6 'choic':10 'mozzarella':2 'pizza':1 'presid':8 'shred':5",
        "count": 0,
        "cart": false
    },
    {
        "id": "7061303",
        "category": "Dairy & Eggs",
        "storeID": "4429",
        "productID": "21290618_EA",
        "title": "Pizza Mozzarella Shredded Cheese,",
        "brand": "Cracker Barrel",
        "regprice": null,
        "saleprice": "$6.99",
        "wasprice": "$8.79",
        "sale": "SAVE $1.80",
        "image": "https://assets.shop.loblaws.ca/products/21290618/b3/en/front/21290618_front_a06_@2.png",
        "point": null,
        "stock": null,
        "weight": "320 g, $2.18/100g",
        "last_update": "2024-11-20",
        "storetype": "Loblaws",
        "member_price": null,
        "non_member_price": null,
        "desc_price": null,
        "temp_id": null,
        "tsv_title_brand": "'barrel':6 'chees':4 'cracker':5 'mozzarella':2 'pizza':1 'shred':3",
        "count": 0,
        "cart": false
    },
    {
        "id": "7061417",
        "category": "Dairy & Eggs",
        "storeID": "4429",
        "productID": "21208641_EA",
        "title": "Marble Cheddar Cheese, Almonds & Cranberries Combo, 3 units",
        "brand": "Black Diamond",
        "regprice": null,
        "saleprice": "$5.00",
        "wasprice": "$5.49",
        "sale": "SAVE $0.49",
        "image": "https://assets.shop.loblaws.ca/products/21208641/b3/en/front/21208641_front_a06_@2.png",
        "point": "500 PC Optimum Points",
        "stock": null,
        "weight": "127.6 g, $3.92/100g",
        "last_update": "2024-11-20",
        "storetype": "Loblaws",
        "member_price": null,
        "non_member_price": null,
        "desc_price": null,
        "temp_id": null,
        "tsv_title_brand": "'3':7 'almond':4 'black':9 'cheddar':2 'chees':3 'combo':6 'cranberri':5 'diamond':10 'marbl':1 'unit':8",
        "count": 0,
        "cart": false
    },
    {
        "id": "7061327",
        "category": "Dairy & Eggs",
        "storeID": "4429",
        "productID": "20711027_EA",
        "title": "Shredded Feta Cheese",
        "brand": "President's Choice",
        "regprice": null,
        "saleprice": "$5.00",
        "wasprice": "$6.99",
        "sale": "SAVE $1.99",
        "image": "https://assets.shop.loblaws.ca/products/20711027/b3/en/front/20711027_front_a06_@2.png",
        "point": null,
        "stock": null,
        "weight": "300 g, $1.67/100g",
        "last_update": "2024-11-20",
        "storetype": "Loblaws",
        "member_price": "Prepared in Canada",
        "non_member_price": null,
        "desc_price": null,
        "temp_id": null,
        "tsv_title_brand": "'chees':3 'choic':6 'feta':2 'presid':4 'shred':1",
        "count": 0,
        "cart": false
    },
    {
        "id": "7061312",
        "category": "Dairy & Eggs",
        "storeID": "4429",
        "productID": "21290444_EA",
        "title": "Tex Mex Light Shredded Cheese",
        "brand": "Cracker Barrel",
        "regprice": null,
        "saleprice": "$6.99",
        "wasprice": "$8.79",
        "sale": "SAVE $1.80",
        "image": "https://assets.shop.loblaws.ca/products/21290444/b3/en/front/21290444_front_a06_@2.png",
        "point": null,
        "stock": null,
        "weight": "320 g, $2.18/100g",
        "last_update": "2024-11-20",
        "storetype": "Loblaws",
        "member_price": null,
        "non_member_price": null,
        "desc_price": null,
        "temp_id": null,
        "tsv_title_brand": "'barrel':7 'chees':5 'cracker':6 'light':3 'mex':2 'shred':4 'tex':1",
        "count": 0,
        "cart": false
    },
    {
        "id": "7061418",
        "category": "Dairy & Eggs",
        "storeID": "4429",
        "productID": "21403514_EA",
        "title": "Mozzarella Cheddar Cheese Twists",
        "brand": "Amooza",
        "regprice": null,
        "saleprice": "$5.99",
        "wasprice": "$8.49",
        "sale": "SAVE $2.50",
        "image": "https://assets.shop.loblaws.ca/products/21403514/b3/en/front/21403514_front_a06_@2.png",
        "point": "1,000 PC Optimum Points",
        "stock": null,
        "weight": "228 g, $2.63/100g",
        "last_update": "2024-11-20",
        "storetype": "Loblaws",
        "member_price": null,
        "non_member_price": null,
        "desc_price": null,
        "temp_id": null,
        "tsv_title_brand": "'amooza':5 'cheddar':2 'chees':3 'mozzarella':1 'twist':4",
        "count": 0,
        "cart": false
    },
    {
        "id": "7061402",
        "category": "Dairy & Eggs",
        "storeID": "4429",
        "productID": "21290593_EA",
        "title": "4 Cheese Italiano Shredded Cheese",
        "brand": "Cracker Barrel",
        "regprice": null,
        "saleprice": "$6.99",
        "wasprice": "$8.79",
        "sale": "SAVE $1.80",
        "image": "https://assets.shop.loblaws.ca/products/21290593/b3/en/front/21290593_front_a06_@2.png",
        "point": null,
        "stock": null,
        "weight": "320 g, $2.18/100g",
        "last_update": "2024-11-20",
        "storetype": "Loblaws",
        "member_price": null,
        "non_member_price": null,
        "desc_price": null,
        "temp_id": null,
        "tsv_title_brand": "'4':1 'barrel':7 'chees':2,5 'cracker':6 'italiano':3 'shred':4",
        "count": 0,
        "cart": false
    },
    {
        "id": "7061414",
        "category": "Dairy & Eggs",
        "storeID": "4429",
        "productID": "21575868_EA",
        "title": "Montreal Steak Spice Seasoned Pizza Mozzarella and Cheddar Cheese Blend",
        "brand": "President's Choice",
        "regprice": null,
        "saleprice": "$5.00",
        "wasprice": "$6.99",
        "sale": "SAVE $1.99",
        "image": "https://assets.shop.loblaws.ca/products/21575868/b3/en/front/21575868_front_a06_@2.png",
        "point": null,
        "stock": null,
        "weight": "320 g, $1.56/100g",
        "last_update": "2024-11-20",
        "storetype": "Loblaws",
        "member_price": null,
        "non_member_price": null,
        "desc_price": null,
        "temp_id": null,
        "tsv_title_brand": "'blend':10 'cheddar':8 'chees':9 'choic':13 'montreal':1 'mozzarella':6 'pizza':5 'presid':11 'season':4 'spice':3 'steak':2",
        "count": 0,
        "cart": false
    },
    {
        "id": "7061994",
        "category": "Dairy & Eggs",
        "storeID": "4429",
        "productID": "21520299_EA",
        "title": "Extra Creamy Greek Yogurt, Vanilla, Blended, 9% M.F.",
        "brand": "Oikos",
        "regprice": null,
        "saleprice": "$5.99",
        "wasprice": "$7.49",
        "sale": "SAVE $1.50",
        "image": "https://assets.shop.loblaws.ca/products/21520299/b3/en/front/21520299_front_a06_@2.png",
        "point": null,
        "stock": null,
        "weight": "650 g, $0.92/100g",
        "last_update": "2024-11-20",
        "storetype": "Loblaws",
        "member_price": null,
        "non_member_price": null,
        "desc_price": null,
        "temp_id": null,
        "tsv_title_brand": "'9':7 'blend':6 'creami':2 'extra':1 'greek':3 'm.f':8 'oiko':9 'vanilla':5 'yogurt':4",
        "count": 0,
        "cart": false
    },
    {
        "id": "7061319",
        "category": "Dairy & Eggs",
        "storeID": "4429",
        "productID": "21539411_EA",
        "title": "Nibblers Sour Cream & Onion Natural Snacking Cheese curds",
        "brand": "Armstrong",
        "regprice": null,
        "saleprice": "$4.99",
        "wasprice": "$7.49",
        "sale": "SAVE $2.50",
        "image": "https://assets.shop.loblaws.ca/products/21539411/b3/en/front/21539411_front_a06_@2.png",
        "point": null,
        "stock": null,
        "weight": "200 g, $2.50/100g",
        "last_update": "2024-11-20",
        "storetype": "Loblaws",
        "member_price": null,
        "non_member_price": null,
        "desc_price": null,
        "temp_id": null,
        "tsv_title_brand": "'armstrong':9 'chees':7 'cream':3 'curd':8 'natur':5 'nibbler':1 'onion':4 'snack':6 'sour':2",
        "count": 0,
        "cart": false
    },
    {
        "id": "7061640",
        "category": "Dairy & Eggs",
        "storeID": "4429",
        "productID": "20275966001_EA",
        "title": "Sour Cream",
        "brand": "Dairyland",
        "regprice": null,
        "saleprice": "$3.49",
        "wasprice": "$5.99",
        "sale": "SAVE $2.50",
        "image": "https://assets.shop.loblaws.ca/products/20275966001/b3/en/front/20275966001_front_a06_@2.png",
        "point": null,
        "stock": null,
        "weight": "500 ml, $0.70/100ml",
        "last_update": "2024-11-20",
        "storetype": "Loblaws",
        "member_price": null,
        "non_member_price": null,
        "desc_price": null,
        "temp_id": null,
        "tsv_title_brand": "'cream':2 'dairyland':3 'sour':1",
        "count": 0,
        "cart": false
    },
    {
        "id": "7061881",
        "category": "Dairy & Eggs",
        "storeID": "4429",
        "productID": "21353874_EA",
        "title": "Skyr Yogurt Vanilla 0%, High Protein",
        "brand": "siggi's",
        "regprice": null,
        "saleprice": "$6.99",
        "wasprice": "$7.49",
        "sale": "SAVE $0.50",
        "image": "https://assets.shop.loblaws.ca/products/21353874/b3/en/front/21353874_front_a06_@2.png",
        "point": null,
        "stock": null,
        "weight": "750 g, $0.93/100g",
        "last_update": "2024-11-20",
        "storetype": "Loblaws",
        "member_price": null,
        "non_member_price": null,
        "desc_price": null,
        "temp_id": null,
        "tsv_title_brand": "'0':4 'high':5 'protein':6 'siggi':7 'skyr':1 'vanilla':3 'yogurt':2",
        "count": 0,
        "cart": false
    },
    {
        "id": "7061647",
        "category": "Dairy & Eggs",
        "storeID": "4429",
        "productID": "20275966002_EA",
        "title": "Light Sour Cream",
        "brand": "Dairyland",
        "regprice": null,
        "saleprice": "$3.49",
        "wasprice": "$5.99",
        "sale": "SAVE $2.50",
        "image": "https://assets.shop.loblaws.ca/products/20275966002/b3/en/front/20275966002_front_a06_@2.png",
        "point": null,
        "stock": null,
        "weight": "500 ml, $0.70/100ml",
        "last_update": "2024-11-20",
        "storetype": "Loblaws",
        "member_price": null,
        "non_member_price": null,
        "desc_price": null,
        "temp_id": null,
        "tsv_title_brand": "'cream':3 'dairyland':4 'light':1 'sour':2",
        "count": 0,
        "cart": false
    },
    {
        "id": "7061648",
        "category": "Dairy & Eggs",
        "storeID": "4429",
        "productID": "21537366_EA",
        "title": "Sour Cream 18% M.F.",
        "brand": "Dairyland",
        "regprice": null,
        "saleprice": "$3.49",
        "wasprice": "$5.99",
        "sale": "SAVE $2.50",
        "image": "https://assets.shop.loblaws.ca/products/21537366/b3/en/front/21537366_front_a06_@2.png",
        "point": null,
        "stock": null,
        "weight": "450 ml, $0.78/100ml",
        "last_update": "2024-11-20",
        "storetype": "Loblaws",
        "member_price": null,
        "non_member_price": null,
        "desc_price": null,
        "temp_id": null,
        "tsv_title_brand": "'18':3 'cream':2 'dairyland':5 'm.f':4 'sour':1",
        "count": 0,
        "cart": false
    },
    {
        "id": "7061879",
        "category": "Dairy & Eggs",
        "storeID": "4429",
        "productID": "21391318002_EA",
        "title": "Source 0% Smooth Traditional Yogurt, Cherry, No Added Sugar",
        "brand": "Yoplait",
        "regprice": null,
        "saleprice": "$3.69",
        "wasprice": "$3.99",
        "sale": "SAVE $0.30",
        "image": "https://assets.shop.loblaws.ca/products/21391318002/b3/en/front/21391318002_front_a06_@2.png",
        "point": null,
        "stock": null,
        "weight": "630 g, $0.59/100g",
        "last_update": "2024-11-20",
        "storetype": "Loblaws",
        "member_price": null,
        "non_member_price": null,
        "desc_price": null,
        "temp_id": null,
        "tsv_title_brand": "'0':2 'ad':8 'cherri':6 'smooth':3 'sourc':1 'sugar':9 'tradit':4 'yogurt':5 'yoplait':10",
        "count": 0,
        "cart": false
    },
    {
        "id": "7061641",
        "category": "Dairy & Eggs",
        "storeID": "4429",
        "productID": "20312788001_EA",
        "title": "Sour Cream Dip, French Onion",
        "brand": "Heluva",
        "regprice": null,
        "saleprice": "$4.99",
        "wasprice": "$9.49",
        "sale": "SAVE $4.50",
        "image": "https://assets.shop.loblaws.ca/products/20312788001/b3/en/front/20312788001_front_a06_@2.png",
        "point": null,
        "stock": null,
        "weight": "680 g, $0.73/100g",
        "last_update": "2024-11-20",
        "storetype": "Loblaws",
        "member_price": null,
        "non_member_price": null,
        "desc_price": null,
        "temp_id": null,
        "tsv_title_brand": "'cream':2 'dip':3 'french':4 'heluva':6 'onion':5 'sour':1",
        "count": 0,
        "cart": false
    },
    {
        "id": "7061880",
        "category": "Dairy & Eggs",
        "storeID": "4429",
        "productID": "21391318001_EA",
        "title": "Source 0% Smooth Traditional Yogurt, Vanilla, No Added Sugar",
        "brand": "Yoplait",
        "regprice": null,
        "saleprice": "$3.69",
        "wasprice": "$3.99",
        "sale": "SAVE $0.30",
        "image": "https://assets.shop.loblaws.ca/products/21391318001/b3/en/front/21391318001_front_a06_@2.png",
        "point": null,
        "stock": null,
        "weight": "630 g, $0.59/100g",
        "last_update": "2024-11-20",
        "storetype": "Loblaws",
        "member_price": null,
        "non_member_price": null,
        "desc_price": null,
        "temp_id": null,
        "tsv_title_brand": "'0':2 'ad':8 'smooth':3 'sourc':1 'sugar':9 'tradit':4 'vanilla':6 'yogurt':5 'yoplait':10",
        "count": 0,
        "cart": false
    },
    {
        "id": "7063874",
        "category": "Meat",
        "storeID": "4429",
        "productID": "20805733_KG",
        "title": "Lean Ground Beef",
        "brand": null,
        "regprice": null,
        "saleprice": "$6.90",
        "wasprice": "$8.04",
        "sale": "SAVE $1.14",
        "image": "https://assets.shop.loblaws.ca/products/20805733/b3/en/front/20805733_front_a06_@2.png",
        "point": null,
        "stock": null,
        "weight": "$13.21/1kg $5.99/1lb",
        "last_update": "2024-11-20",
        "storetype": "Loblaws",
        "member_price": null,
        "non_member_price": null,
        "desc_price": null,
        "temp_id": null,
        "tsv_title_brand": "'beef':3 'ground':2 'lean':1",
        "count": 0,
        "cart": false
    },
    {
        "id": "7063428",
        "category": "Meat",
        "storeID": "4429",
        "productID": "21300103_EA",
        "title": "Beyond Sausage Hot Italian",
        "brand": "Beyond Meat",
        "regprice": null,
        "saleprice": "$6.00",
        "wasprice": "$9.99",
        "sale": "SAVE $3.99",
        "image": "https://assets.shop.loblaws.ca/products/21300103/b3/en/front/21300103_front_a06_@2.png",
        "point": null,
        "stock": null,
        "weight": "400 g, $1.50/100g",
        "last_update": "2024-11-20",
        "storetype": "Loblaws",
        "member_price": null,
        "non_member_price": null,
        "desc_price": null,
        "temp_id": null,
        "tsv_title_brand": "'beyond':1,5 'hot':3 'italian':4 'meat':6 'sausag':2",
        "count": 0,
        "cart": false
    },
    {
        "id": "7063771",
        "category": "Meat",
        "storeID": "4429",
        "productID": "20805731_KG",
        "title": "Lean Ground Beef, Club Pack",
        "brand": null,
        "regprice": null,
        "saleprice": "$12.25",
        "wasprice": "$15.94",
        "sale": "SAVE $3.69",
        "image": "https://assets.shop.loblaws.ca/products/20805731/b3/en/front/20805731_front_a06_@2.png",
        "point": null,
        "stock": null,
        "weight": "$11.00/1kg $4.99/1lb",
        "last_update": "2024-11-20",
        "storetype": "Loblaws",
        "member_price": null,
        "non_member_price": null,
        "desc_price": null,
        "temp_id": null,
        "tsv_title_brand": "'beef':3 'club':4 'ground':2 'lean':1 'pack':5",
        "count": 0,
        "cart": false
    },
    {
        "id": "7063871",
        "category": "Meat",
        "storeID": "4429",
        "productID": "20822140_KG",
        "title": "Beef Striploin Steak",
        "brand": null,
        "regprice": null,
        "saleprice": "$15.23",
        "wasprice": "$17.40",
        "sale": "SAVE $2.17",
        "image": "https://assets.shop.loblaws.ca/products/20822140/b3/en/front/20822140_front_a06_@2.png",
        "point": null,
        "stock": null,
        "weight": "$46.28/1kg $21.00/1lb",
        "last_update": "2024-11-20",
        "storetype": "Loblaws",
        "member_price": null,
        "non_member_price": null,
        "desc_price": null,
        "temp_id": null,
        "tsv_title_brand": "'beef':1 'steak':3 'striploin':2",
        "count": 0,
        "cart": false
    },
    {
        "id": "7064115",
        "category": "Pantry",
        "storeID": "4429",
        "productID": "20307313001_EA",
        "title": "Strawberry Jam",
        "brand": "Bonne Maman",
        "regprice": null,
        "saleprice": "$6.99",
        "wasprice": "$7.49",
        "sale": "SAVE $0.50",
        "image": "https://assets.shop.loblaws.ca/products/20307313001/b3/en/front/20307313001_front_a06_@2.png",
        "point": null,
        "stock": null,
        "weight": "250 ml, $2.80/100ml",
        "last_update": "2024-11-20",
        "storetype": "Loblaws",
        "member_price": null,
        "non_member_price": null,
        "desc_price": null,
        "temp_id": null,
        "tsv_title_brand": "'bonn':3 'jam':2 'maman':4 'strawberri':1",
        "count": 0,
        "cart": false
    },
    {
        "id": "7064468",
        "category": "Pantry",
        "storeID": "4429",
        "productID": "20551901_EA",
        "title": "Muesli No Sugar Added",
        "brand": "Alpen",
        "regprice": null,
        "saleprice": "$5.49",
        "wasprice": "$7.99",
        "sale": "SAVE $2.50",
        "image": "https://assets.shop.loblaws.ca/products/20551901/b3/en/front/20551901_front_a06_@2.png",
        "point": null,
        "stock": null,
        "weight": "650 g, $0.84/100g",
        "last_update": "2024-11-20",
        "storetype": "Loblaws",
        "member_price": "Prepared in Canada",
        "non_member_price": null,
        "desc_price": null,
        "temp_id": null,
        "tsv_title_brand": "'ad':4 'alpen':5 'muesli':1 'sugar':3",
        "count": 0,
        "cart": false
    },
    {
        "id": "7064111",
        "category": "Pantry",
        "storeID": "4429",
        "productID": "20306030_EA",
        "title": "Original syrup",
        "brand": "No Name",
        "regprice": null,
        "saleprice": "$3.49",
        "wasprice": "$3.79",
        "sale": "SAVE $0.30",
        "image": "https://assets.shop.loblaws.ca/products/20306030/b3/en/front/20306030_front_a06_@2.png",
        "point": null,
        "stock": null,
        "weight": "750 ml, $0.47/100ml",
        "last_update": "2024-11-20",
        "storetype": "Loblaws",
        "member_price": null,
        "non_member_price": null,
        "desc_price": null,
        "temp_id": null,
        "tsv_title_brand": "'name':4 'origin':1 'syrup':2",
        "count": 0,
        "cart": false
    },
    {
        "id": "7064493",
        "category": "Pantry",
        "storeID": "4429",
        "productID": "21450851_EA",
        "title": "Corn Flakes Cereal",
        "brand": "Kelloggs",
        "regprice": null,
        "saleprice": "$4.29",
        "wasprice": "$4.50",
        "sale": "SAVE $0.21",
        "image": "https://assets.shop.loblaws.ca/products/21450851/b3/en/front/21450851_front_a06_@2.png",
        "point": null,
        "stock": null,
        "weight": "340 g, $1.26/100g",
        "last_update": "2024-11-20",
        "storetype": "Loblaws",
        "member_price": null,
        "non_member_price": null,
        "desc_price": null,
        "temp_id": null,
        "tsv_title_brand": "'cereal':3 'corn':1 'flake':2 'kellogg':4",
        "count": 0,
        "cart": false
    },
    {
        "id": "7064568",
        "category": "Pantry",
        "storeID": "4429",
        "productID": "20893370_EA",
        "title": "100% Whole Grains Quick Oats",
        "brand": "Robin Hood",
        "regprice": null,
        "saleprice": "$3.99",
        "wasprice": "$4.99",
        "sale": "SAVE $1.00",
        "image": "https://assets.shop.loblaws.ca/products/20893370/b3/en/front/20893370_front_a06_@2.png",
        "point": null,
        "stock": null,
        "weight": "1 kg, $0.40/100g",
        "last_update": "2024-11-20",
        "storetype": "Loblaws",
        "member_price": "Prepared in Canada",
        "non_member_price": null,
        "desc_price": null,
        "temp_id": null,
        "tsv_title_brand": "'100':1 'grain':3 'hood':7 'oat':5 'quick':4 'robin':6 'whole':2",
        "count": 0,
        "cart": false
    },
    {
        "id": "7064970",
        "category": "Pantry",
        "storeID": "4429",
        "productID": "20313447006_EA",
        "title": "Black Beans",
        "brand": "Unico",
        "regprice": null,
        "saleprice": "$1.79",
        "wasprice": "$2.00",
        "sale": "SAVE $0.21",
        "image": "https://assets.shop.loblaws.ca/products/20313447006/b3/en/front/20313447006_front_a06_@2.png",
        "point": null,
        "stock": null,
        "weight": "540 ml, $0.33/100ml",
        "last_update": "2024-11-20",
        "storetype": "Loblaws",
        "member_price": "Prepared in Canada",
        "non_member_price": null,
        "desc_price": null,
        "temp_id": null,
        "tsv_title_brand": "'bean':2 'black':1 'unico':3",
        "count": 0,
        "cart": false
    },
    {
        "id": "7064868",
        "category": "Pantry",
        "storeID": "4429",
        "productID": "20167571_EA",
        "title": "Albacore Tuna White Flake in Water",
        "brand": "Clover Leaf",
        "regprice": null,
        "saleprice": "$2.99",
        "wasprice": "$3.99",
        "sale": "SAVE $1.00",
        "image": "https://assets.shop.loblaws.ca/products/20167571/b3/en/front/20167571_front_a06_@2.png",
        "point": null,
        "stock": null,
        "weight": "170 g, $1.76/100g",
        "last_update": "2024-11-20",
        "storetype": "Loblaws",
        "member_price": null,
        "non_member_price": null,
        "desc_price": null,
        "temp_id": null,
        "tsv_title_brand": "'albacor':1 'clover':7 'flake':4 'leaf':8 'tuna':2 'water':6 'white':3",
        "count": 0,
        "cart": false
    },
    {
        "id": "7064913",
        "category": "Pantry",
        "storeID": "4429",
        "productID": "20796169_EA",
        "title": "Smoked Oysters with Spicy Chili",
        "brand": "Clover Leaf",
        "regprice": null,
        "saleprice": "$2.49",
        "wasprice": "$2.79",
        "sale": "SAVE $0.30",
        "image": "https://assets.shop.loblaws.ca/products/20796169/b3/en/front/20796169_front_a06_@2.png",
        "point": null,
        "stock": null,
        "weight": "85 g, $2.93/100g",
        "last_update": "2024-11-20",
        "storetype": "Loblaws",
        "member_price": null,
        "non_member_price": null,
        "desc_price": null,
        "temp_id": null,
        "tsv_title_brand": "'chili':5 'clover':6 'leaf':7 'oyster':2 'smoke':1 'spici':4",
        "count": 0,
        "cart": false
    },
    {
        "id": "7064715",
        "category": "Pantry",
        "storeID": "4429",
        "productID": "20176214002_EA",
        "title": "Condensed Soup Vegetable",
        "brand": "Campbell's",
        "regprice": null,
        "saleprice": "$1.79",
        "wasprice": "$2.00",
        "sale": "SAVE $0.21",
        "image": "https://assets.shop.loblaws.ca/products/20176214002/b3/en/front/20176214002_front_a06_@2.png",
        "point": null,
        "stock": null,
        "weight": "284 ml, $0.63/100ml",
        "last_update": "2024-11-20",
        "storetype": "Loblaws",
        "member_price": null,
        "non_member_price": null,
        "desc_price": null,
        "temp_id": null,
        "tsv_title_brand": "'campbel':4 'condens':1 'soup':2 'veget':3",
        "count": 0,
        "cart": false
    },
    {
        "id": "7065415",
        "category": "Pantry",
        "storeID": "4429",
        "productID": "21058886_EA",
        "title": "Pizza Yeast",
        "brand": "Fleischmanns",
        "regprice": null,
        "saleprice": "$5.49",
        "wasprice": "$5.99",
        "sale": "SAVE $0.50",
        "image": "https://assets.shop.loblaws.ca/products/21058886/b3/en/front/21058886_front_a06_@2.png",
        "point": null,
        "stock": null,
        "weight": "113 g, $4.86/100g",
        "last_update": "2024-11-20",
        "storetype": "Loblaws",
        "member_price": null,
        "non_member_price": null,
        "desc_price": null,
        "temp_id": null,
        "tsv_title_brand": "'fleischmann':3 'pizza':1 'yeast':2",
        "count": 0,
        "cart": false
    },
    {
        "id": "7065418",
        "category": "Pantry",
        "storeID": "4429",
        "productID": "20320059_EA",
        "title": "Orange Jelly Powder, Gelatin Mix",
        "brand": "Jell-O",
        "regprice": null,
        "saleprice": "$1.50",
        "wasprice": "$1.69",
        "sale": "SAVE $0.19",
        "image": "https://assets.shop.loblaws.ca/products/20320059/b3/en/front/20320059_front_a06_@2.png",
        "point": null,
        "stock": null,
        "weight": "85 g, $1.76/100g",
        "last_update": "2024-11-20",
        "storetype": "Loblaws",
        "member_price": "Prepared in Canada",
        "non_member_price": null,
        "desc_price": null,
        "temp_id": null,
        "tsv_title_brand": "'gelatin':4 'jell':7 'jell-o':6 'jelli':2 'mix':5 'o':8 'orang':1 'powder':3",
        "count": 0,
        "cart": false
    },
    {
        "id": "7064855",
        "category": "Pantry",
        "storeID": "4429",
        "productID": "21378762_EA",
        "title": "Wild Pacific Pink Salmon, Sustainably Sourced",
        "brand": "President's Choice",
        "regprice": null,
        "saleprice": "$3.99",
        "wasprice": "$4.79",
        "sale": "SAVE $0.80",
        "image": "https://assets.shop.loblaws.ca/products/21378762/b3/en/front/21378762_front_a06_@2.png",
        "point": null,
        "stock": null,
        "weight": "170 g, $2.35/100g",
        "last_update": "2024-11-20",
        "storetype": "Loblaws",
        "member_price": null,
        "non_member_price": null,
        "desc_price": null,
        "temp_id": null,
        "tsv_title_brand": "'choic':9 'pacif':2 'pink':3 'presid':7 'salmon':4 'sourc':6 'sustain':5 'wild':1",
        "count": 0,
        "cart": false
    },
    {
        "id": "7064867",
        "category": "Pantry",
        "storeID": "4429",
        "productID": "21545459_EA",
        "title": "Potato and Leek Ready-to-Serve Soup",
        "brand": "PC Blue Menu",
        "regprice": null,
        "saleprice": "$2.79",
        "wasprice": "$2.99",
        "sale": "SAVE $0.20",
        "image": "https://assets.shop.loblaws.ca/products/21545459/b3/en/front/21545459_front_a06_@2.png",
        "point": null,
        "stock": null,
        "weight": "500 ml, $0.56/100ml",
        "last_update": "2024-11-20",
        "storetype": "Loblaws",
        "member_price": null,
        "non_member_price": null,
        "desc_price": null,
        "temp_id": null,
        "tsv_title_brand": "'blue':10 'leek':3 'menu':11 'pc':9 'potato':1 'readi':5 'ready-to-serv':4 'serv':7 'soup':8",
        "count": 0,
        "cart": false
    },
    {
        "id": "7064897",
        "category": "Pantry",
        "storeID": "4429",
        "productID": "21378763_EA",
        "title": "Salmon Sockeye",
        "brand": "President's Choice",
        "regprice": null,
        "saleprice": "$5.00",
        "wasprice": "$5.99",
        "sale": "SAVE $0.99",
        "image": "https://assets.shop.loblaws.ca/products/21378763/b3/en/front/21378763_front_a06_@2.png",
        "point": null,
        "stock": null,
        "weight": "170 g, $2.94/100g",
        "last_update": "2024-11-20",
        "storetype": "Loblaws",
        "member_price": null,
        "non_member_price": null,
        "desc_price": null,
        "temp_id": null,
        "tsv_title_brand": "'choic':5 'presid':3 'salmon':1 'sockey':2",
        "count": 0,
        "cart": false
    },
    {
        "id": "7064965",
        "category": "Pantry",
        "storeID": "4429",
        "productID": "20101518001_EA",
        "title": "Original Baked Beans",
        "brand": "Bush's Best",
        "regprice": null,
        "saleprice": "$2.00",
        "wasprice": "$2.49",
        "sale": "SAVE $0.49",
        "image": "https://assets.shop.loblaws.ca/products/20101518001/b3/en/front/20101518001_front_a06_@2.png",
        "point": null,
        "stock": null,
        "weight": "398 ml, $0.50/100ml",
        "last_update": "2024-11-20",
        "storetype": "Loblaws",
        "member_price": null,
        "non_member_price": null,
        "desc_price": null,
        "temp_id": null,
        "tsv_title_brand": "'bake':2 'bean':3 'best':6 'bush':4 'origin':1",
        "count": 0,
        "cart": false
    },
    {
        "id": "7064956",
        "category": "Pantry",
        "storeID": "4429",
        "productID": "20149955_EA",
        "title": "Clam Juice",
        "brand": "Clover Leaf",
        "regprice": null,
        "saleprice": "$3.49",
        "wasprice": "$3.79",
        "sale": "SAVE $0.30",
        "image": "https://assets.shop.loblaws.ca/products/20149955/b3/en/front/20149955_front_a06_@2.png",
        "point": null,
        "stock": null,
        "weight": "236 ml, $1.48/100ml",
        "last_update": "2024-11-20",
        "storetype": "Loblaws",
        "member_price": null,
        "non_member_price": null,
        "desc_price": null,
        "temp_id": null,
        "tsv_title_brand": "'clam':1 'clover':3 'juic':2 'leaf':4",
        "count": 0,
        "cart": false
    },
    {
        "id": "7064968",
        "category": "Pantry",
        "storeID": "4429",
        "productID": "21032887_EA",
        "title": "Matt & Steve's The Asparagoos Garlic & Dill Pickled Asparagus",
        "brand": "The Extreme Bean",
        "regprice": null,
        "saleprice": "$7.49",
        "wasprice": "$7.99",
        "sale": "SAVE $0.50",
        "image": "https://assets.shop.loblaws.ca/products/21032887/b3/en/front/21032887_front_a06_@2.png",
        "point": null,
        "stock": null,
        "weight": "500 ml, $1.50/100ml",
        "last_update": "2024-11-20",
        "storetype": "Loblaws",
        "member_price": "Prepared in Canada",
        "non_member_price": null,
        "desc_price": null,
        "temp_id": null,
        "tsv_title_brand": "'asparagoo':5 'asparagus':9 'bean':12 'dill':7 'extrem':11 'garlic':6 'matt':1 'pickl':8 'steve':2",
        "count": 0,
        "cart": false
    },
    {
        "id": "7064961",
        "category": "Pantry",
        "storeID": "4429",
        "productID": "21545172_EA",
        "title": "Tomato and Roasted Red Pepper Ready-to-Serve Soup",
        "brand": "PC Blue Menu",
        "regprice": null,
        "saleprice": "$2.79",
        "wasprice": "$2.99",
        "sale": "SAVE $0.20",
        "image": "https://assets.shop.loblaws.ca/products/21545172/b3/en/front/21545172_front_a06_@2.png",
        "point": null,
        "stock": null,
        "weight": "500 ml, $0.56/100ml",
        "last_update": "2024-11-20",
        "storetype": "Loblaws",
        "member_price": null,
        "non_member_price": null,
        "desc_price": null,
        "temp_id": null,
        "tsv_title_brand": "'blue':12 'menu':13 'pc':11 'pepper':5 'readi':7 'ready-to-serv':6 'red':4 'roast':3 'serv':9 'soup':10 'tomato':1",
        "count": 0,
        "cart": false
    },
    {
        "id": "7065329",
        "category": "Pantry",
        "storeID": "4429",
        "productID": "20127455001_EA",
        "title": "Sliced Blanched Almonds",
        "brand": "No Name",
        "regprice": null,
        "saleprice": "$3.99",
        "wasprice": "$4.29",
        "sale": "SAVE $0.30",
        "image": "https://assets.shop.loblaws.ca/products/20127455001/b3/en/front/20127455001_front_a06_@2.png",
        "point": null,
        "stock": null,
        "weight": "100 g, $3.99/100g",
        "last_update": "2024-11-20",
        "storetype": "Loblaws",
        "member_price": null,
        "non_member_price": null,
        "desc_price": null,
        "temp_id": null,
        "tsv_title_brand": "'almond':3 'blanch':2 'name':5 'slice':1",
        "count": 0,
        "cart": false
    },
    {
        "id": "7065005",
        "category": "Pantry",
        "storeID": "4429",
        "productID": "20298493_EA",
        "title": "Chunk White Tuna Albacore in Water",
        "brand": "Clover Leaf",
        "regprice": null,
        "saleprice": "$2.99",
        "wasprice": "$3.99",
        "sale": "SAVE $1.00",
        "image": "https://assets.shop.loblaws.ca/products/20298493/b3/en/front/20298493_front_a06_@2.png",
        "point": null,
        "stock": null,
        "weight": "170 g, $1.76/100g",
        "last_update": "2024-11-20",
        "storetype": "Loblaws",
        "member_price": null,
        "non_member_price": null,
        "desc_price": null,
        "temp_id": null,
        "tsv_title_brand": "'albacor':4 'chunk':1 'clover':7 'leaf':8 'tuna':3 'water':6 'white':2",
        "count": 0,
        "cart": false
    },
    {
        "id": "7064497",
        "category": "Pantry",
        "storeID": "4429",
        "productID": "21375781_EA",
        "title": "Protein Pancake & Waffle Mix Buttermilk",
        "brand": "Flourish",
        "regprice": null,
        "saleprice": "$10.49",
        "wasprice": "$10.99",
        "sale": "SAVE $0.50",
        "image": "https://assets.shop.loblaws.ca/products/21375781/b3/en/front/21375781_front_a06_@2.png",
        "point": null,
        "stock": null,
        "weight": "430 g, $2.44/100g",
        "last_update": "2024-11-20",
        "storetype": "Loblaws",
        "member_price": null,
        "non_member_price": null,
        "desc_price": null,
        "temp_id": null,
        "tsv_title_brand": "'buttermilk':5 'flourish':6 'mix':4 'pancak':2 'protein':1 'waffl':3",
        "count": 0,
        "cart": false
    },
    {
        "id": "7065430",
        "category": "Pantry",
        "storeID": "4429",
        "productID": "20430582_EA",
        "title": "The Decadent Chocolate Chip Cookie Mix",
        "brand": "President's Choice",
        "regprice": null,
        "saleprice": "$4.50",
        "wasprice": "$5.99",
        "sale": "SAVE $1.49",
        "image": "https://assets.shop.loblaws.ca/products/20430582/b3/en/front/20430582_front_a06_@2.png",
        "point": null,
        "stock": null,
        "weight": "900 g, $0.50/100g",
        "last_update": "2024-11-20",
        "storetype": "Loblaws",
        "member_price": null,
        "non_member_price": null,
        "desc_price": null,
        "temp_id": null,
        "tsv_title_brand": "'chip':4 'chocol':3 'choic':9 'cooki':5 'decad':2 'mix':6 'presid':7",
        "count": 0,
        "cart": false
    },
    {
        "id": "7065707",
        "category": "Pantry",
        "storeID": "4429",
        "productID": "21518401_EA",
        "title": "Vegan Dressing & Sandwich Spread for burgers, salads, gluten-free condiment",
        "brand": "Hellmanns",
        "regprice": null,
        "saleprice": "$5.00",
        "wasprice": "$5.99",
        "sale": "SAVE $0.99",
        "image": "https://assets.shop.loblaws.ca/products/21518401/b3/en/front/21518401_front_a06_@2.png",
        "point": null,
        "stock": null,
        "weight": "340 ml, $1.47/100ml",
        "last_update": "2024-11-20",
        "storetype": "Loblaws",
        "member_price": null,
        "non_member_price": null,
        "desc_price": null,
        "temp_id": null,
        "tsv_title_brand": "'burger':6 'condiment':11 'dress':2 'free':10 'gluten':9 'gluten-fre':8 'hellmann':12 'salad':7 'sandwich':3 'spread':4 'vegan':1",
        "count": 0,
        "cart": false
    },
    {
        "id": "7065514",
        "category": "Pantry",
        "storeID": "4429",
        "productID": "20307001002_EA",
        "title": "Chocolate Instant Pudding Mix",
        "brand": "Jell-O",
        "regprice": null,
        "saleprice": "$2.00",
        "wasprice": "$2.29",
        "sale": "SAVE $0.29",
        "image": "https://assets.shop.loblaws.ca/products/20307001002/b3/en/front/20307001002_front_a06_@2.png",
        "point": null,
        "stock": null,
        "weight": "113 g, $1.77/100g",
        "last_update": "2024-11-20",
        "storetype": "Loblaws",
        "member_price": null,
        "non_member_price": null,
        "desc_price": null,
        "temp_id": null,
        "tsv_title_brand": "'chocol':1 'instant':2 'jell':6 'jell-o':5 'mix':4 'o':7 'pud':3",
        "count": 0,
        "cart": false
    },
    {
        "id": "7066076",
        "category": "Pantry",
        "storeID": "4429",
        "productID": "20864314_EA",
        "title": "Chipotle Ranch Dressing",
        "brand": "President's Choice",
        "regprice": null,
        "saleprice": "$3.30",
        "wasprice": "$3.50",
        "sale": "SAVE $0.20",
        "image": "https://assets.shop.loblaws.ca/products/20864314/b3/en/front/20864314_front_a06_@2.png",
        "point": null,
        "stock": null,
        "weight": "475 ml, $0.69/100ml",
        "last_update": "2024-11-20",
        "storetype": "Loblaws",
        "member_price": null,
        "non_member_price": null,
        "desc_price": null,
        "temp_id": null,
        "tsv_title_brand": "'chipotl':1 'choic':6 'dress':3 'presid':4 'ranch':2",
        "count": 0,
        "cart": false
    },
    {
        "id": "7066064",
        "category": "Pantry",
        "storeID": "4429",
        "productID": "21072440_EA",
        "title": "Lemon Garlic Vinaigrette",
        "brand": "President's Choice",
        "regprice": null,
        "saleprice": "$4.79",
        "wasprice": "$4.99",
        "sale": "SAVE $0.20",
        "image": "https://assets.shop.loblaws.ca/products/21072440/b3/en/front/21072440_front_a06_@2.png",
        "point": null,
        "stock": null,
        "weight": "350 ml, $1.37/100ml",
        "last_update": "2024-11-20",
        "storetype": "Loblaws",
        "member_price": "Prepared in Canada",
        "non_member_price": null,
        "desc_price": null,
        "temp_id": null,
        "tsv_title_brand": "'choic':6 'garlic':2 'lemon':1 'presid':4 'vinaigrett':3",
        "count": 0,
        "cart": false
    },
    {
        "id": "7065585",
        "category": "Pantry",
        "storeID": "4429",
        "productID": "20312946_EA",
        "title": "Lime Jelly Powder, Gelatin Mix",
        "brand": "Jell-O",
        "regprice": null,
        "saleprice": "$1.50",
        "wasprice": "$1.69",
        "sale": "SAVE $0.19",
        "image": "https://assets.shop.loblaws.ca/products/20312946/b3/en/front/20312946_front_a06_@2.png",
        "point": null,
        "stock": null,
        "weight": "85 g, $1.76/100g",
        "last_update": "2024-11-20",
        "storetype": "Loblaws",
        "member_price": "Prepared in Canada",
        "non_member_price": null,
        "desc_price": null,
        "temp_id": null,
        "tsv_title_brand": "'gelatin':4 'jell':7 'jell-o':6 'jelli':2 'lime':1 'mix':5 'o':8 'powder':3",
        "count": 0,
        "cart": false
    },
    {
        "id": "7065964",
        "category": "Pantry",
        "storeID": "4429",
        "productID": "21425053_EA",
        "title": "Turmeric Ginger Vinaigrette",
        "brand": "President's Choice",
        "regprice": null,
        "saleprice": "$4.79",
        "wasprice": "$4.99",
        "sale": "SAVE $0.20",
        "image": "https://assets.shop.loblaws.ca/products/21425053/b3/en/front/21425053_front_a06_@2.png",
        "point": null,
        "stock": null,
        "weight": "350 ml, $1.37/100ml",
        "last_update": "2024-11-20",
        "storetype": "Loblaws",
        "member_price": null,
        "non_member_price": null,
        "desc_price": null,
        "temp_id": null,
        "tsv_title_brand": "'choic':6 'ginger':2 'presid':4 'turmer':1 'vinaigrett':3",
        "count": 0,
        "cart": false
    },
    {
        "id": "7065587",
        "category": "Pantry",
        "storeID": "4429",
        "productID": "20102920001_EA",
        "title": "Quick Rise Yeast",
        "brand": "Fleischmanns",
        "regprice": null,
        "saleprice": "$5.49",
        "wasprice": "$5.99",
        "sale": "SAVE $0.50",
        "image": "https://assets.shop.loblaws.ca/products/20102920001/b3/en/front/20102920001_front_a06_@2.png",
        "point": null,
        "stock": null,
        "weight": "113 g, $4.86/100g",
        "last_update": "2024-11-20",
        "storetype": "Loblaws",
        "member_price": null,
        "non_member_price": null,
        "desc_price": null,
        "temp_id": null,
        "tsv_title_brand": "'fleischmann':4 'quick':1 'rise':2 'yeast':3",
        "count": 0,
        "cart": false
    },
    {
        "id": "7065717",
        "category": "Pantry",
        "storeID": "4429",
        "productID": "21163010_EA",
        "title": "Crispy Jalapenos",
        "brand": "President's Choice",
        "regprice": null,
        "saleprice": "$5.29",
        "wasprice": "$5.49",
        "sale": "SAVE $0.20",
        "image": "https://assets.shop.loblaws.ca/products/21163010/b3/en/front/21163010_front_a06_@2.png",
        "point": null,
        "stock": null,
        "weight": "142 g, $3.73/100g",
        "last_update": "2024-11-20",
        "storetype": "Loblaws",
        "member_price": null,
        "non_member_price": null,
        "desc_price": null,
        "temp_id": null,
        "tsv_title_brand": "'choic':5 'crispi':1 'jalapeno':2 'presid':3",
        "count": 0,
        "cart": false
    },
    {
        "id": "7065772",
        "category": "Pantry",
        "storeID": "4429",
        "productID": "20297436002_EA",
        "title": "Bouillon Cubes a delicious blend Beef",
        "brand": "Knorr",
        "regprice": null,
        "saleprice": "$3.00",
        "wasprice": "$3.79",
        "sale": "SAVE $0.79",
        "image": "https://assets.shop.loblaws.ca/products/20297436002/b3/en/front/20297436002_front_a06_@2.png",
        "point": null,
        "stock": null,
        "weight": "63 g, $4.76/100g",
        "last_update": "2024-11-20",
        "storetype": "Loblaws",
        "member_price": null,
        "non_member_price": null,
        "desc_price": null,
        "temp_id": null,
        "tsv_title_brand": "'beef':6 'blend':5 'bouillon':1 'cube':2 'delici':4 'knorr':7",
        "count": 0,
        "cart": false
    },
    {
        "id": "7065821",
        "category": "Pantry",
        "storeID": "4429",
        "productID": "20297436003_EA",
        "title": "Bouillon Cubes Vegetable",
        "brand": "Knorr",
        "regprice": null,
        "saleprice": "$3.00",
        "wasprice": "$3.79",
        "sale": "SAVE $0.79",
        "image": "https://assets.shop.loblaws.ca/products/20297436003/b3/en/front/20297436003_front_a06_@2.png",
        "point": null,
        "stock": null,
        "weight": "69 g, $4.35/100g",
        "last_update": "2024-11-20",
        "storetype": "Loblaws",
        "member_price": null,
        "non_member_price": null,
        "desc_price": null,
        "temp_id": null,
        "tsv_title_brand": "'bouillon':1 'cube':2 'knorr':4 'veget':3",
        "count": 0,
        "cart": false
    },
    {
        "id": "7065872",
        "category": "Pantry",
        "storeID": "4429",
        "productID": "20032602001_EA",
        "title": "Dijon Originale Mustard",
        "brand": "Maille",
        "regprice": null,
        "saleprice": "$8.49",
        "wasprice": "$9.49",
        "sale": "SAVE $1.00",
        "image": "https://assets.shop.loblaws.ca/products/20032602001/b3/en/front/20032602001_front_a06_@2.png",
        "point": null,
        "stock": null,
        "weight": "500 ml, $1.70/100ml",
        "last_update": "2024-11-20",
        "storetype": "Loblaws",
        "member_price": null,
        "non_member_price": null,
        "desc_price": null,
        "temp_id": null,
        "tsv_title_brand": "'dijon':1 'maill':4 'mustard':3 'original':2",
        "count": 0,
        "cart": false
    },
    {
        "id": "7065960",
        "category": "Pantry",
        "storeID": "4429",
        "productID": "21541102_EA",
        "title": "Pasta Sauce Marinara",
        "brand": "Mutti",
        "regprice": null,
        "saleprice": "$8.99",
        "wasprice": "$9.99",
        "sale": "SAVE $1.00",
        "image": "https://assets.shop.loblaws.ca/products/21541102/b3/en/front/21541102_front_a06_@2.png",
        "point": null,
        "stock": null,
        "weight": "660 ml, $1.36/100ml",
        "last_update": "2024-11-20",
        "storetype": "Loblaws",
        "member_price": null,
        "non_member_price": null,
        "desc_price": null,
        "temp_id": null,
        "tsv_title_brand": "'marinara':3 'mutti':4 'pasta':1 'sauc':2",
        "count": 0,
        "cart": false
    },
    {
        "id": "7066379",
        "category": "Pantry",
        "storeID": "4429",
        "productID": "20315275003_EA",
        "title": "Grilling Cooking Spray",
        "brand": "Pam",
        "regprice": null,
        "saleprice": "$5.99",
        "wasprice": "$6.49",
        "sale": "SAVE $0.50",
        "image": "https://assets.shop.loblaws.ca/products/20315275003/b3/en/front/20315275003_front_a06_@2.png",
        "point": null,
        "stock": null,
        "weight": "141 g, $4.25/100g",
        "last_update": "2024-11-20",
        "storetype": "Loblaws",
        "member_price": null,
        "non_member_price": null,
        "desc_price": null,
        "temp_id": null,
        "tsv_title_brand": "'cook':2 'grill':1 'pam':4 'spray':3",
        "count": 0,
        "cart": false
    },
    {
        "id": "7066346",
        "category": "Pantry",
        "storeID": "4429",
        "productID": "20178204001_EA",
        "title": "Cooking Spray",
        "brand": "Pam",
        "regprice": null,
        "saleprice": "$5.99",
        "wasprice": "$6.49",
        "sale": "SAVE $0.50",
        "image": "https://assets.shop.loblaws.ca/products/20178204001/b3/en/front/20178204001_front_a06_@2.png",
        "point": null,
        "stock": null,
        "weight": "170 g, $3.52/100g",
        "last_update": "2024-11-20",
        "storetype": "Loblaws",
        "member_price": null,
        "non_member_price": null,
        "desc_price": null,
        "temp_id": null,
        "tsv_title_brand": "'cook':1 'pam':3 'spray':2",
        "count": 0,
        "cart": false
    },
    {
        "id": "7066519",
        "category": "Pantry",
        "storeID": "4429",
        "productID": "20323181001_EA",
        "title": "Mild Salsa",
        "brand": "President's Choice",
        "regprice": null,
        "saleprice": "$4.50",
        "wasprice": "$4.99",
        "sale": "SAVE $0.49",
        "image": "https://assets.shop.loblaws.ca/products/20323181001/b3/en/front/20323181001_front_a06_@2.png",
        "point": null,
        "stock": null,
        "weight": "430 ml, $1.05/100ml",
        "last_update": "2024-11-20",
        "storetype": "Loblaws",
        "member_price": "Prepared in Canada",
        "non_member_price": null,
        "desc_price": null,
        "temp_id": null,
        "tsv_title_brand": "'choic':5 'mild':1 'presid':3 'salsa':2",
        "count": 0,
        "cart": false
    },
    {
        "id": "7066891",
        "category": "Pantry",
        "storeID": "4429",
        "productID": "21619179_EA",
        "title": "Fire-Roasted Tomato & Garlic Pasta Sauce",
        "brand": "Classico",
        "regprice": null,
        "saleprice": "$3.00",
        "wasprice": "$5.99",
        "sale": "SAVE $2.99",
        "image": "https://assets.shop.loblaws.ca/products/21619179/b3/en/front/21619179_front_a06_@2.png",
        "point": null,
        "stock": null,
        "weight": "600 ml, $0.50/100ml",
        "last_update": "2024-11-20",
        "storetype": "Loblaws",
        "member_price": null,
        "non_member_price": null,
        "desc_price": null,
        "temp_id": null,
        "tsv_title_brand": "'classico':8 'fire':2 'fire-roast':1 'garlic':5 'pasta':6 'roast':3 'sauc':7 'tomato':4",
        "count": 0,
        "cart": false
    },
    {
        "id": "7067100",
        "category": "Pantry",
        "storeID": "4429",
        "productID": "21087050_EA",
        "title": "Traditional Pizza Sauce",
        "brand": "Classico",
        "regprice": null,
        "saleprice": "$3.00",
        "wasprice": "$5.00",
        "sale": "SAVE $2.00",
        "image": "https://assets.shop.loblaws.ca/products/21087050/b3/en/front/21087050_front_a06_@2.png",
        "point": null,
        "stock": null,
        "weight": "410 ml, $0.73/100ml",
        "last_update": "2024-11-20",
        "storetype": "Loblaws",
        "member_price": "Prepared in Canada",
        "non_member_price": null,
        "desc_price": null,
        "temp_id": null,
        "tsv_title_brand": "'classico':4 'pizza':2 'sauc':3 'tradit':1",
        "count": 0,
        "cart": false
    },
    {
        "id": "7066909",
        "category": "Pantry",
        "storeID": "4429",
        "productID": "20652596_EA",
        "title": "Tagliatelle Nests",
        "brand": "Delverde",
        "regprice": null,
        "saleprice": "$1.99",
        "wasprice": "$3.00",
        "sale": "SAVE $1.01",
        "image": "https://assets.shop.loblaws.ca/products/20652596/b3/en/front/20652596_front_a06_@2.png",
        "point": "500 PC Optimum Points",
        "stock": null,
        "weight": "250 g, $0.80/100g",
        "last_update": "2024-11-20",
        "storetype": "Loblaws",
        "member_price": null,
        "non_member_price": null,
        "desc_price": null,
        "temp_id": null,
        "tsv_title_brand": "'delverd':3 'nest':2 'tagliatell':1",
        "count": 0,
        "cart": false
    },
    {
        "id": "7067104",
        "category": "Pantry",
        "storeID": "4429",
        "productID": "21416393_EA",
        "title": "Org Classic Bolognese",
        "brand": "Good Food for Good",
        "regprice": null,
        "saleprice": "$9.49",
        "wasprice": "$10.99",
        "sale": "SAVE $1.50",
        "image": "https://assets.shop.loblaws.ca/products/21416393/b3/en/front/21416393_front_a06_@2.png",
        "point": null,
        "stock": null,
        "weight": "450 ml, $2.11/100ml",
        "last_update": "2024-11-20",
        "storetype": "Loblaws",
        "member_price": null,
        "non_member_price": null,
        "desc_price": null,
        "temp_id": null,
        "tsv_title_brand": "'bolognes':3 'classic':2 'food':5 'good':4,7 'org':1",
        "count": 0,
        "cart": false
    },
    {
        "id": "7067192",
        "category": "Pantry",
        "storeID": "4429",
        "productID": "20996194_EA",
        "title": "Organico Bello Organic Marinara Pasta Sauce",
        "brand": "Cucina Antica",
        "regprice": null,
        "saleprice": "$9.99",
        "wasprice": "$10.99",
        "sale": "SAVE $1.00",
        "image": "https://assets.shop.loblaws.ca/products/20996194/b3/en/front/20996194_front_a06_@2.png",
        "point": null,
        "stock": null,
        "weight": "685 ml, $1.46/100ml",
        "last_update": "2024-11-20",
        "storetype": "Loblaws",
        "member_price": null,
        "non_member_price": null,
        "desc_price": null,
        "temp_id": null,
        "tsv_title_brand": "'antica':8 'bello':2 'cucina':7 'marinara':4 'organ':3 'organico':1 'pasta':5 'sauc':6",
        "count": 0,
        "cart": false
    },
    {
        "id": "7067191",
        "category": "Pantry",
        "storeID": "4429",
        "productID": "20307509001_EA",
        "title": "Pesto Di Genova Basil",
        "brand": "Classico",
        "regprice": null,
        "saleprice": "$3.00",
        "wasprice": "$5.00",
        "sale": "SAVE $2.00",
        "image": "https://assets.shop.loblaws.ca/products/20307509001/b3/en/front/20307509001_front_a06_@2.png",
        "point": null,
        "stock": null,
        "weight": "218 ml, $1.38/100ml",
        "last_update": "2024-11-20",
        "storetype": "Loblaws",
        "member_price": null,
        "non_member_price": null,
        "desc_price": null,
        "temp_id": null,
        "tsv_title_brand": "'basil':4 'classico':5 'di':2 'genova':3 'pesto':1",
        "count": 0,
        "cart": false
    },
    {
        "id": "7067105",
        "category": "Pantry",
        "storeID": "4429",
        "productID": "20086654001_EA",
        "title": "Marinara Sauce",
        "brand": "Rao's",
        "regprice": null,
        "saleprice": "$10.99",
        "wasprice": "$13.99",
        "sale": "SAVE $3.00",
        "image": "https://assets.shop.loblaws.ca/products/20086654001/b3/en/front/20086654001_front_a06_@2.png",
        "point": "500 PC Optimum Points",
        "stock": null,
        "weight": "660 ml, $1.67/100ml",
        "last_update": "2024-11-20",
        "storetype": "Loblaws",
        "member_price": null,
        "non_member_price": null,
        "desc_price": null,
        "temp_id": null,
        "tsv_title_brand": "'marinara':1 'rao':3 'sauc':2",
        "count": 0,
        "cart": false
    },
    {
        "id": "7067509",
        "category": "Pantry",
        "storeID": "4429",
        "productID": "21405433_EA",
        "title": "BISTRO EXPRESS Long Grain & Wild Rice Fine Herbs",
        "brand": "Bens",
        "regprice": null,
        "saleprice": "$3.00",
        "wasprice": "$4.00",
        "sale": "SAVE $1.00",
        "image": "https://assets.shop.loblaws.ca/products/21405433/b3/en/front/21405433_front_a06_@2.png",
        "point": null,
        "stock": null,
        "weight": "250 g, $1.20/100g",
        "last_update": "2024-11-20",
        "storetype": "Loblaws",
        "member_price": null,
        "non_member_price": null,
        "desc_price": null,
        "temp_id": null,
        "tsv_title_brand": "'ben':9 'bistro':1 'express':2 'fine':7 'grain':4 'herb':8 'long':3 'rice':6 'wild':5",
        "count": 0,
        "cart": false
    },
    {
        "id": "7067510",
        "category": "Pantry",
        "storeID": "4429",
        "productID": "21405467_EA",
        "title": "BISTRO EXPRESS Whole Grain Brown Rice Side Dish",
        "brand": "Bens",
        "regprice": null,
        "saleprice": "$3.00",
        "wasprice": "$4.00",
        "sale": "SAVE $1.00",
        "image": "https://assets.shop.loblaws.ca/products/21405467/b3/en/front/21405467_front_a06_@2.png",
        "point": null,
        "stock": null,
        "weight": "250 g, $1.20/100g",
        "last_update": "2024-11-20",
        "storetype": "Loblaws",
        "member_price": null,
        "non_member_price": null,
        "desc_price": null,
        "temp_id": null,
        "tsv_title_brand": "'ben':9 'bistro':1 'brown':5 'dish':8 'express':2 'grain':4 'rice':6 'side':7 'whole':3",
        "count": 0,
        "cart": false
    },
    {
        "id": "7070959",
        "category": "Snacks, Chips & Candy",
        "storeID": "4429",
        "productID": "21362264_EA",
        "title": "CHIPS AHOY! Rainbow Chocolate Chip Cookies",
        "brand": "Christie",
        "regprice": null,
        "saleprice": "$3.49",
        "wasprice": "$4.00",
        "sale": "SAVE $0.51",
        "image": "https://assets.shop.loblaws.ca/products/21362264/b3/en/front/21362264_front_a06_@2.png",
        "point": null,
        "stock": null,
        "weight": "258 g, $1.35/100g",
        "last_update": "2024-11-20",
        "storetype": "Loblaws",
        "member_price": null,
        "non_member_price": null,
        "desc_price": null,
        "temp_id": null,
        "tsv_title_brand": "'ahoy':2 'chip':1,5 'chocol':4 'christi':7 'cooki':6 'rainbow':3",
        "count": 0,
        "cart": false
    },
    {
        "id": "7069227",
        "category": "Snacks, Chips & Candy",
        "storeID": "4429",
        "productID": "21590350_EA",
        "title": "Intense Nacho™ Tortilla Chips",
        "brand": "Takis",
        "regprice": null,
        "saleprice": "$3.49",
        "wasprice": "$4.00",
        "sale": "SAVE $0.51",
        "image": "https://assets.shop.loblaws.ca/products/21590350/b3/en/front/21590350_front_a06_@2.png",
        "point": null,
        "stock": null,
        "weight": "260 g, $1.34/100g",
        "last_update": "2024-11-20",
        "storetype": "Loblaws",
        "member_price": null,
        "non_member_price": null,
        "desc_price": null,
        "temp_id": null,
        "tsv_title_brand": "'chip':4 'intens':1 'nacho':2 'taki':5 'tortilla':3",
        "count": 0,
        "cart": false
    },
    {
        "id": "7069233",
        "category": "Snacks, Chips & Candy",
        "storeID": "4429",
        "productID": "21520691_EA",
        "title": "Krinkle Cut Potato Chips Habanero Lime",
        "brand": "Kettle",
        "regprice": null,
        "saleprice": "$2.99",
        "wasprice": "$3.99",
        "sale": "SAVE $1.00",
        "image": "https://assets.shop.loblaws.ca/products/21520691/b3/en/front/21520691_front_a06_@2.png",
        "point": null,
        "stock": null,
        "weight": "198 g, $1.51/100g",
        "last_update": "2024-11-20",
        "storetype": "Loblaws",
        "member_price": null,
        "non_member_price": null,
        "desc_price": null,
        "temp_id": null,
        "tsv_title_brand": "'chip':4 'cut':2 'habanero':5 'kettl':7 'krinkl':1 'lime':6 'potato':3",
        "count": 0,
        "cart": false
    },
    {
        "id": "7069313",
        "category": "Snacks, Chips & Candy",
        "storeID": "4429",
        "productID": "20692853005_EA",
        "title": "Fruit Bowls, Very Cherry",
        "brand": "Del Monte",
        "regprice": null,
        "saleprice": "$3.29",
        "wasprice": "$3.99",
        "sale": "SAVE $0.70",
        "image": "https://assets.shop.loblaws.ca/products/20692853005/b3/en/front/20692853005_front_a06_@2.png",
        "point": null,
        "stock": null,
        "weight": "112.5 ml, $0.73/100ml",
        "last_update": "2024-11-20",
        "storetype": "Loblaws",
        "member_price": null,
        "non_member_price": null,
        "desc_price": null,
        "temp_id": null,
        "tsv_title_brand": "'bowl':2 'cherri':4 'del':5 'fruit':1 'mont':6",
        "count": 0,
        "cart": false
    },
    {
        "id": "7069337",
        "category": "Snacks, Chips & Candy",
        "storeID": "4429",
        "productID": "21589837_EA",
        "title": "Potato Chips Himalayan Salt",
        "brand": "Kettle",
        "regprice": null,
        "saleprice": "$2.99",
        "wasprice": "$3.99",
        "sale": "SAVE $1.00",
        "image": "https://assets.shop.loblaws.ca/products/21589837/b3/en/front/21589837_front_a06_@2.png",
        "point": null,
        "stock": null,
        "weight": "156 g, $1.92/100g",
        "last_update": "2024-11-20",
        "storetype": "Loblaws",
        "member_price": null,
        "non_member_price": null,
        "desc_price": null,
        "temp_id": null,
        "tsv_title_brand": "'chip':2 'himalayan':3 'kettl':5 'potato':1 'salt':4",
        "count": 0,
        "cart": false
    },
    {
        "id": "7064737",
        "category": "Pantry",
        "storeID": "4429",
        "productID": "21269139_EA",
        "title": "Tuna Flakes in Oil",
        "brand": "Century",
        "regprice": null,
        "saleprice": "$1.99",
        "wasprice": "$3.29",
        "sale": "SAVE $1.30",
        "image": "https://assets.shop.loblaws.ca/products/21269139/b3/en/front/21269139_front_a06_@2.png",
        "point": null,
        "stock": null,
        "weight": "180 g, $1.11/100g",
        "last_update": "2024-11-20",
        "storetype": "Loblaws",
        "member_price": null,
        "non_member_price": null,
        "desc_price": null,
        "temp_id": null,
        "tsv_title_brand": "'centuri':5 'flake':2 'oil':4 'tuna':1",
        "count": 0,
        "cart": false
    },
    {
        "id": "7069128",
        "category": "Snacks, Chips & Candy",
        "storeID": "4429",
        "productID": "21395350_EA",
        "title": "Bits & Bites Original Flavour, Snack and Cracker Mix",
        "brand": "Christie",
        "regprice": null,
        "saleprice": "$2.99",
        "wasprice": "$3.50",
        "sale": "SAVE $0.51",
        "image": "https://assets.shop.loblaws.ca/products/21395350/b3/en/front/21395350_front_a06_@2.png",
        "point": null,
        "stock": null,
        "weight": "145 g, $2.06/100g",
        "last_update": "2024-11-20",
        "storetype": "Loblaws",
        "member_price": null,
        "non_member_price": null,
        "desc_price": null,
        "temp_id": null,
        "tsv_title_brand": "'bit':1 'bite':2 'christi':9 'cracker':7 'flavour':4 'mix':8 'origin':3 'snack':5",
        "count": 0,
        "cart": false
    },
    {
        "id": "7069818",
        "category": "Snacks, Chips & Candy",
        "storeID": "4429",
        "productID": "21459663_EA",
        "title": "World of Flavours Caramelized Cocoa Nibs and Coffee Dark Chocolate Dessert Bar",
        "brand": "President's Choice",
        "regprice": null,
        "saleprice": "$2.79",
        "wasprice": "$3.99",
        "sale": "SAVE $1.20",
        "image": "https://assets.shop.loblaws.ca/products/21459663/b3/en/front/21459663_front_a06_@2.png",
        "point": null,
        "stock": null,
        "weight": "100 g, $2.79/100g",
        "last_update": "2024-11-20",
        "storetype": "Loblaws",
        "member_price": null,
        "non_member_price": null,
        "desc_price": null,
        "temp_id": null,
        "tsv_title_brand": "'bar':12 'caramel':4 'chocol':10 'choic':15 'cocoa':5 'coffe':8 'dark':9 'dessert':11 'flavour':3 'nib':6 'presid':13 'world':1",
        "count": 0,
        "cart": false
    },
    {
        "id": "7069618",
        "category": "Snacks, Chips & Candy",
        "storeID": "4429",
        "productID": "21010044_EA",
        "title": "Crispy Minis Italian Herb & Olive Oil Multigrain Chips with Vegetables",
        "brand": "Quaker",
        "regprice": null,
        "saleprice": "$3.00",
        "wasprice": "$3.50",
        "sale": "SAVE $0.50",
        "image": "https://assets.shop.loblaws.ca/products/21010044/b3/en/front/21010044_front_a06_@2.png",
        "point": null,
        "stock": null,
        "weight": "90 g, $3.33/100g",
        "last_update": "2024-11-20",
        "storetype": "Loblaws",
        "member_price": null,
        "non_member_price": null,
        "desc_price": null,
        "temp_id": null,
        "tsv_title_brand": "'chip':8 'crispi':1 'herb':4 'italian':3 'mini':2 'multigrain':7 'oil':6 'oliv':5 'quaker':11 'veget':10",
        "count": 0,
        "cart": false
    },
    {
        "id": "7069475",
        "category": "Snacks, Chips & Candy",
        "storeID": "4429",
        "productID": "21566483_EA",
        "title": "Seasoned Pretzel Pieces All Dressed",
        "brand": "Pzazz",
        "regprice": null,
        "saleprice": "$4.29",
        "wasprice": "$4.99",
        "sale": "SAVE $0.70",
        "image": "https://assets.shop.loblaws.ca/products/21566483/b3/en/front/21566483_front_a06_@2.png",
        "point": null,
        "stock": null,
        "weight": "200 g, $2.15/100g",
        "last_update": "2024-11-20",
        "storetype": "Loblaws",
        "member_price": null,
        "non_member_price": null,
        "desc_price": null,
        "temp_id": null,
        "tsv_title_brand": "'dress':5 'piec':3 'pretzel':2 'pzazz':6 'season':1",
        "count": 0,
        "cart": false
    },
    {
        "id": "7071077",
        "category": "Frozen Food",
        "storeID": "4429",
        "productID": "20971511_EA",
        "title": "Six-Cheese Thin and Crispy Pizza",
        "brand": "President's Choice",
        "regprice": null,
        "saleprice": "$4.00",
        "wasprice": "$5.00",
        "sale": "SAVE $1.00",
        "image": "https://assets.shop.loblaws.ca/products/20971511/b3/en/front/20971511_front_a06_@2.png",
        "point": null,
        "stock": null,
        "weight": "350 g, $1.14/100g",
        "last_update": "2024-11-20",
        "storetype": "Loblaws",
        "member_price": null,
        "non_member_price": null,
        "desc_price": null,
        "temp_id": null,
        "tsv_title_brand": "'chees':3 'choic':10 'crispi':6 'pizza':7 'presid':8 'six':2 'six-chees':1 'thin':4",
        "count": 0,
        "cart": false
    },
    {
        "id": "7069961",
        "category": "Snacks, Chips & Candy",
        "storeID": "4429",
        "productID": "21333853_EA",
        "title": "Level Up Single Bar",
        "brand": "Oh Henry!",
        "regprice": null,
        "saleprice": "$1.29",
        "wasprice": "$1.79",
        "sale": "SAVE $0.50",
        "image": "https://assets.shop.loblaws.ca/products/21333853/b3/en/front/21333853_front_a06_@2.png",
        "point": null,
        "stock": null,
        "weight": "42 g, $3.07/100g",
        "last_update": "2024-11-20",
        "storetype": "Loblaws",
        "member_price": null,
        "non_member_price": null,
        "desc_price": null,
        "temp_id": null,
        "tsv_title_brand": "'bar':4 'henri':6 'level':1 'oh':5 'singl':3",
        "count": 0,
        "cart": false
    },
    {
        "id": "7070441",
        "category": "Snacks, Chips & Candy",
        "storeID": "4429",
        "productID": "20307295_EA",
        "title": "70% Dark Chocolate Bar",
        "brand": "President's Choice",
        "regprice": null,
        "saleprice": "$6.49",
        "wasprice": "$7.49",
        "sale": "SAVE $1.00",
        "image": "https://assets.shop.loblaws.ca/products/20307295/b3/en/front/20307295_front_a06_@2.png",
        "point": null,
        "stock": null,
        "weight": "300 g, $2.16/100g",
        "last_update": "2024-11-20",
        "storetype": "Loblaws",
        "member_price": null,
        "non_member_price": null,
        "desc_price": null,
        "temp_id": null,
        "tsv_title_brand": "'70':1 'bar':4 'chocol':3 'choic':7 'dark':2 'presid':5",
        "count": 0,
        "cart": false
    },
    {
        "id": "7070430",
        "category": "Snacks, Chips & Candy",
        "storeID": "4429",
        "productID": "20313501_EA",
        "title": "70% Dark Chocolate",
        "brand": "President's Choice",
        "regprice": null,
        "saleprice": "$2.79",
        "wasprice": "$3.99",
        "sale": "SAVE $1.20",
        "image": "https://assets.shop.loblaws.ca/products/20313501/b3/en/front/20313501_front_a06_@2.png",
        "point": null,
        "stock": null,
        "weight": "100 g, $2.79/100g",
        "last_update": "2024-11-20",
        "storetype": "Loblaws",
        "member_price": null,
        "non_member_price": null,
        "desc_price": null,
        "temp_id": null,
        "tsv_title_brand": "'70':1 'chocol':3 'choic':6 'dark':2 'presid':4",
        "count": 0,
        "cart": false
    },
    {
        "id": "7070437",
        "category": "Snacks, Chips & Candy",
        "storeID": "4429",
        "productID": "20581714_EA",
        "title": "PEANUT BUTTER CUPS candy",
        "brand": "Reese's",
        "regprice": null,
        "saleprice": "$2.49",
        "wasprice": "$2.79",
        "sale": "SAVE $0.30",
        "image": "https://assets.shop.loblaws.ca/products/20581714/b3/en/front/20581714_front_a06_@2.png",
        "point": null,
        "stock": null,
        "weight": "62 g, $4.02/100g",
        "last_update": "2024-11-20",
        "storetype": "Loblaws",
        "member_price": null,
        "non_member_price": null,
        "desc_price": null,
        "temp_id": null,
        "tsv_title_brand": "'butter':2 'candi':4 'cup':3 'peanut':1 'rees':5",
        "count": 0,
        "cart": false
    },
    {
        "id": "7070243",
        "category": "Snacks, Chips & Candy",
        "storeID": "4429",
        "productID": "21332689_EA",
        "title": "Sea Salt and Caramel Dark Chocolate Squares",
        "brand": "Ghirardelli",
        "regprice": null,
        "saleprice": "$7.99",
        "wasprice": "$8.99",
        "sale": "SAVE $1.00",
        "image": "https://assets.shop.loblaws.ca/products/21332689/b3/en/front/21332689_front_a06_@2.png",
        "point": null,
        "stock": null,
        "weight": "151 g, $5.29/100g",
        "last_update": "2024-11-20",
        "storetype": "Loblaws",
        "member_price": null,
        "non_member_price": null,
        "desc_price": null,
        "temp_id": null,
        "tsv_title_brand": "'caramel':4 'chocol':6 'dark':5 'ghirardelli':8 'salt':2 'sea':1 'squar':7",
        "count": 0,
        "cart": false
    },
    {
        "id": "7070566",
        "category": "Snacks, Chips & Candy",
        "storeID": "4429",
        "productID": "21571411_EA",
        "title": "Big Cup Candy With Caramel King Size",
        "brand": "Reese's",
        "regprice": null,
        "saleprice": "$2.49",
        "wasprice": "$2.79",
        "sale": "SAVE $0.30",
        "image": "https://assets.shop.loblaws.ca/products/21571411/b3/en/front/21571411_front_a06_@2.png",
        "point": null,
        "stock": null,
        "weight": "79 g, $3.15/100g",
        "last_update": "2024-11-20",
        "storetype": "Loblaws",
        "member_price": null,
        "non_member_price": null,
        "desc_price": null,
        "temp_id": null,
        "tsv_title_brand": "'big':1 'candi':3 'caramel':5 'cup':2 'king':6 'rees':8 'size':7",
        "count": 0,
        "cart": false
    },
    {
        "id": "7070740",
        "category": "Snacks, Chips & Candy",
        "storeID": "4429",
        "productID": "20906562002_EA",
        "title": "Chocolate Hazelnut Flavour Rolled Wafers",
        "brand": "President's Choice",
        "regprice": null,
        "saleprice": "$5.00",
        "wasprice": "$5.79",
        "sale": "SAVE $0.79",
        "image": "https://assets.shop.loblaws.ca/products/20906562002/b3/en/front/20906562002_front_a06_@2.png",
        "point": null,
        "stock": null,
        "weight": "400 g, $1.25/100g",
        "last_update": "2024-11-20",
        "storetype": "Loblaws",
        "member_price": null,
        "non_member_price": null,
        "desc_price": null,
        "temp_id": null,
        "tsv_title_brand": "'chocol':1 'choic':8 'flavour':3 'hazelnut':2 'presid':6 'roll':4 'wafer':5",
        "count": 0,
        "cart": false
    },
    {
        "id": "7070746",
        "category": "Snacks, Chips & Candy",
        "storeID": "4429",
        "productID": "21080791_EA",
        "title": "Bear Paws Chocolate Chip Cookies",
        "brand": "Dare",
        "regprice": null,
        "saleprice": "$3.00",
        "wasprice": "$3.50",
        "sale": "SAVE $0.50",
        "image": "https://assets.shop.loblaws.ca/products/21080791/b3/en/front/21080791_front_a06_@2.png",
        "point": null,
        "stock": null,
        "weight": "240 g, $1.25/100g",
        "last_update": "2024-11-20",
        "storetype": "Loblaws",
        "member_price": "Prepared in Canada",
        "non_member_price": null,
        "desc_price": null,
        "temp_id": null,
        "tsv_title_brand": "'bear':1 'chip':4 'chocol':3 'cooki':5 'dare':6 'paw':2",
        "count": 0,
        "cart": false
    },
    {
        "id": "7070742",
        "category": "Snacks, Chips & Candy",
        "storeID": "4429",
        "productID": "21109004_EA",
        "title": "Premium Plus Salted Crackers",
        "brand": "Christie",
        "regprice": null,
        "saleprice": "$4.99",
        "wasprice": "$5.99",
        "sale": "SAVE $1.00",
        "image": "https://assets.shop.loblaws.ca/products/21109004/b3/en/front/21109004_front_a06_@2.png",
        "point": null,
        "stock": null,
        "weight": "450 g, $1.11/100g",
        "last_update": "2024-11-20",
        "storetype": "Loblaws",
        "member_price": "Prepared in Canada",
        "non_member_price": null,
        "desc_price": null,
        "temp_id": null,
        "tsv_title_brand": "'christi':5 'cracker':4 'plus':2 'premium':1 'salt':3",
        "count": 0,
        "cart": false
    },
    {
        "id": "7070748",
        "category": "Snacks, Chips & Candy",
        "storeID": "4429",
        "productID": "21358321_EA",
        "title": "Crispers Dill Pickle Crackers",
        "brand": "Christie",
        "regprice": null,
        "saleprice": "$2.99",
        "wasprice": "$3.50",
        "sale": "SAVE $0.51",
        "image": "https://assets.shop.loblaws.ca/products/21358321/b3/en/front/21358321_front_a06_@2.png",
        "point": null,
        "stock": null,
        "weight": "145 g, $2.06/100g",
        "last_update": "2024-11-20",
        "storetype": "Loblaws",
        "member_price": null,
        "non_member_price": null,
        "desc_price": null,
        "temp_id": null,
        "tsv_title_brand": "'christi':5 'cracker':4 'crisper':1 'dill':2 'pickl':3",
        "count": 0,
        "cart": false
    },
    {
        "id": "7070764",
        "category": "Snacks, Chips & Candy",
        "storeID": "4429",
        "productID": "21358406_EA",
        "title": "OREO, Double Stuf Chocolate Sandwich Cookies",
        "brand": "Christie",
        "regprice": null,
        "saleprice": "$3.49",
        "wasprice": "$4.00",
        "sale": "SAVE $0.51",
        "image": "https://assets.shop.loblaws.ca/products/21358406/b3/en/front/21358406_front_a06_@2.png",
        "point": null,
        "stock": null,
        "weight": "261 g, $1.34/100g",
        "last_update": "2024-11-20",
        "storetype": "Loblaws",
        "member_price": null,
        "non_member_price": null,
        "desc_price": null,
        "temp_id": null,
        "tsv_title_brand": "'chocol':4 'christi':7 'cooki':6 'doubl':2 'oreo':1 'sandwich':5 'stuf':3",
        "count": 0,
        "cart": false
    },
    {
        "id": "7070916",
        "category": "Snacks, Chips & Candy",
        "storeID": "4429",
        "productID": "21361517_EA",
        "title": "Chips Ahoy! Chunks Cookies",
        "brand": "Christie",
        "regprice": null,
        "saleprice": "$3.49",
        "wasprice": "$4.00",
        "sale": "SAVE $0.51",
        "image": "https://assets.shop.loblaws.ca/products/21361517/b3/en/front/21361517_front_a06_@2.png",
        "point": null,
        "stock": null,
        "weight": "251 g, $1.39/100g",
        "last_update": "2024-11-20",
        "storetype": "Loblaws",
        "member_price": null,
        "non_member_price": null,
        "desc_price": null,
        "temp_id": null,
        "tsv_title_brand": "'ahoy':2 'chip':1 'christi':5 'chunk':3 'cooki':4",
        "count": 0,
        "cart": false
    },
    {
        "id": "7071065",
        "category": "Frozen Food",
        "storeID": "4429",
        "productID": "20852957_EA",
        "title": "Ristorante Thin Crust Pepperoni Pizza",
        "brand": "Dr Oetker",
        "regprice": null,
        "saleprice": "$4.00",
        "wasprice": "$5.50",
        "sale": "SAVE $1.50",
        "image": "https://assets.shop.loblaws.ca/products/20852957/b3/en/front/20852957_front_a06_@2.png",
        "point": null,
        "stock": null,
        "weight": "320 g, $1.25/100g",
        "last_update": "2024-11-20",
        "storetype": "Loblaws",
        "member_price": "Prepared in Canada",
        "non_member_price": null,
        "desc_price": null,
        "temp_id": null,
        "tsv_title_brand": "'crust':3 'dr':6 'oetker':7 'pepperoni':4 'pizza':5 'ristorant':1 'thin':2",
        "count": 0,
        "cart": false
    },
    {
        "id": "7071068",
        "category": "Frozen Food",
        "storeID": "4429",
        "productID": "21013450_EA",
        "title": "Cherry Tomato and Arugula Flatbread",
        "brand": "President's Choice",
        "regprice": null,
        "saleprice": "$4.00",
        "wasprice": "$5.00",
        "sale": "SAVE $1.00",
        "image": "https://assets.shop.loblaws.ca/products/21013450/b3/en/front/21013450_front_a06_@2.png",
        "point": null,
        "stock": null,
        "weight": "350 g, $1.14/100g",
        "last_update": "2024-11-20",
        "storetype": "Loblaws",
        "member_price": null,
        "non_member_price": null,
        "desc_price": null,
        "temp_id": null,
        "tsv_title_brand": "'arugula':4 'cherri':1 'choic':8 'flatbread':5 'presid':6 'tomato':2",
        "count": 0,
        "cart": false
    },
    {
        "id": "7071235",
        "category": "Frozen Food",
        "storeID": "4429",
        "productID": "20312253003_EA",
        "title": "Chicken Korma",
        "brand": "President's Choice",
        "regprice": null,
        "saleprice": "$3.50",
        "wasprice": "$4.50",
        "sale": "SAVE $1.00",
        "image": "https://assets.shop.loblaws.ca/products/20312253003/b3/en/front/20312253003_front_a06_@2.png",
        "point": null,
        "stock": null,
        "weight": "350 g, $1.00/100g",
        "last_update": "2024-11-20",
        "storetype": "Loblaws",
        "member_price": "Prepared in Canada",
        "non_member_price": null,
        "desc_price": null,
        "temp_id": null,
        "tsv_title_brand": "'chicken':1 'choic':5 'korma':2 'presid':3",
        "count": 0,
        "cart": false
    },
    {
        "id": "7071074",
        "category": "Frozen Food",
        "storeID": "4429",
        "productID": "20971494_EA",
        "title": "Pepperoni Thin and Crispy Pizza",
        "brand": "President's Choice",
        "regprice": null,
        "saleprice": "$4.00",
        "wasprice": "$5.00",
        "sale": "SAVE $1.00",
        "image": "https://assets.shop.loblaws.ca/products/20971494/b3/en/front/20971494_front_a06_@2.png",
        "point": null,
        "stock": null,
        "weight": "343 g, $1.17/100g",
        "last_update": "2024-11-20",
        "storetype": "Loblaws",
        "member_price": null,
        "non_member_price": null,
        "desc_price": null,
        "temp_id": null,
        "tsv_title_brand": "'choic':8 'crispi':4 'pepperoni':1 'pizza':5 'presid':6 'thin':2",
        "count": 0,
        "cart": false
    },
    {
        "id": "7071180",
        "category": "Frozen Food",
        "storeID": "4429",
        "productID": "20296014004_EA",
        "title": "Fried Chicken",
        "brand": "Hungry-Man",
        "regprice": null,
        "saleprice": "$4.00",
        "wasprice": "$6.99",
        "sale": "SAVE $2.99",
        "image": "https://assets.shop.loblaws.ca/products/20296014004/b3/en/front/20296014004_front_a06_@2.png",
        "point": null,
        "stock": null,
        "weight": "360 g, $1.11/100g",
        "last_update": "2024-11-20",
        "storetype": "Loblaws",
        "member_price": null,
        "non_member_price": null,
        "desc_price": null,
        "temp_id": null,
        "tsv_title_brand": "'chicken':2 'fri':1 'hungri':4 'hungry-man':3 'man':5",
        "count": 0,
        "cart": false
    },
    {
        "id": "7071193",
        "category": "Frozen Food",
        "storeID": "4429",
        "productID": "20296014005_EA",
        "title": "Backyard Barbeque",
        "brand": "Hungry-Man",
        "regprice": null,
        "saleprice": "$4.00",
        "wasprice": "$6.99",
        "sale": "SAVE $2.99",
        "image": "https://assets.shop.loblaws.ca/products/20296014005/b3/en/front/20296014005_front_a06_@2.png",
        "point": null,
        "stock": null,
        "weight": "455 g, $0.88/100g",
        "last_update": "2024-11-20",
        "storetype": "Loblaws",
        "member_price": null,
        "non_member_price": null,
        "desc_price": null,
        "temp_id": null,
        "tsv_title_brand": "'backyard':1 'barbequ':2 'hungri':4 'hungry-man':3 'man':5",
        "count": 0,
        "cart": false
    },
    {
        "id": "7071241",
        "category": "Frozen Food",
        "storeID": "4429",
        "productID": "21547280_EA",
        "title": "Chicken Carbonara",
        "brand": "PC Blue Menu",
        "regprice": null,
        "saleprice": "$3.50",
        "wasprice": "$4.50",
        "sale": "SAVE $1.00",
        "image": "https://assets.shop.loblaws.ca/products/21547280/b3/en/front/21547280_front_a06_@2.png",
        "point": null,
        "stock": null,
        "weight": "244 g, $1.43/100g",
        "last_update": "2024-11-20",
        "storetype": "Loblaws",
        "member_price": null,
        "non_member_price": null,
        "desc_price": null,
        "temp_id": null,
        "tsv_title_brand": "'blue':4 'carbonara':2 'chicken':1 'menu':5 'pc':3",
        "count": 0,
        "cart": false
    },
    {
        "id": "7071295",
        "category": "Frozen Food",
        "storeID": "4429",
        "productID": "20838953_EA",
        "title": "Shepherd's Pie",
        "brand": "PC Blue Menu",
        "regprice": null,
        "saleprice": "$3.50",
        "wasprice": "$4.50",
        "sale": "SAVE $1.00",
        "image": "https://assets.shop.loblaws.ca/products/20838953/b3/en/front/20838953_front_a06_@2.png",
        "point": null,
        "stock": null,
        "weight": "275 g, $1.27/100g",
        "last_update": "2024-11-20",
        "storetype": "Loblaws",
        "member_price": "Prepared in Canada",
        "non_member_price": null,
        "desc_price": null,
        "temp_id": null,
        "tsv_title_brand": "'blue':5 'menu':6 'pc':4 'pie':3 'shepherd':1",
        "count": 0,
        "cart": false
    },
    {
        "id": "7071674",
        "category": "Frozen Food",
        "storeID": "4429",
        "productID": "21623533_EA",
        "title": "Sausage & Egg Breakfast Sandwiches, 2 per pack",
        "brand": "Schneider",
        "regprice": null,
        "saleprice": "$5.00",
        "wasprice": "$6.99",
        "sale": "SAVE $1.99",
        "image": "https://assets.shop.loblaws.ca/products/21623533/b3/en/front/21623533_front_a06_@2.png",
        "point": null,
        "stock": null,
        "weight": "288 g, $1.74/100g",
        "last_update": "2024-11-20",
        "storetype": "Loblaws",
        "member_price": null,
        "non_member_price": null,
        "desc_price": null,
        "temp_id": null,
        "tsv_title_brand": "'2':5 'breakfast':3 'egg':2 'pack':7 'per':6 'sandwich':4 'sausag':1 'schneider':8",
        "count": 0,
        "cart": false
    },
    {
        "id": "7071681",
        "category": "Frozen Food",
        "storeID": "4429",
        "productID": "21623060_EA",
        "title": "Ham & Swiss Egg Breakfast Bites, 4 per pack",
        "brand": "Schneider",
        "regprice": null,
        "saleprice": "$5.00",
        "wasprice": "$6.99",
        "sale": "SAVE $1.99",
        "image": "https://assets.shop.loblaws.ca/products/21623060/b3/en/front/21623060_front_a06_@2.png",
        "point": null,
        "stock": null,
        "weight": "224 g, $2.23/100g",
        "last_update": "2024-11-20",
        "storetype": "Loblaws",
        "member_price": null,
        "non_member_price": null,
        "desc_price": null,
        "temp_id": null,
        "tsv_title_brand": "'4':6 'bite':5 'breakfast':4 'egg':3 'ham':1 'pack':8 'per':7 'schneider':9 'swiss':2",
        "count": 0,
        "cart": false
    },
    {
        "id": "7071708",
        "category": "Frozen Food",
        "storeID": "4429",
        "productID": "21520536_EA",
        "title": "English Muffins Traditional",
        "brand": "Kinnikinnick",
        "regprice": null,
        "saleprice": "$6.49",
        "wasprice": "$7.49",
        "sale": "SAVE $1.00",
        "image": "https://assets.shop.loblaws.ca/products/21520536/b3/en/front/21520536_front_a06_@2.png",
        "point": null,
        "stock": null,
        "weight": "354 g, $1.83/100g",
        "last_update": "2024-11-20",
        "storetype": "Loblaws",
        "member_price": null,
        "non_member_price": null,
        "desc_price": null,
        "temp_id": null,
        "tsv_title_brand": "'english':1 'kinnikinnick':4 'muffin':2 'tradit':3",
        "count": 0,
        "cart": false
    },
    {
        "id": "7071683",
        "category": "Frozen Food",
        "storeID": "4429",
        "productID": "21479601_EA",
        "title": "Egg Bites! Mini Crustless Quiches Snack Size",
        "brand": "Burnbrae Farms",
        "regprice": null,
        "saleprice": "$4.99",
        "wasprice": "$7.79",
        "sale": "SAVE $2.80",
        "image": "https://assets.shop.loblaws.ca/products/21479601/b3/en/front/21479601_front_a06_@2.png",
        "point": null,
        "stock": null,
        "weight": "336 g, $1.49/100g",
        "last_update": "2024-11-20",
        "storetype": "Loblaws",
        "member_price": null,
        "non_member_price": null,
        "desc_price": null,
        "temp_id": null,
        "tsv_title_brand": "'bite':2 'burnbra':8 'crustless':4 'egg':1 'farm':9 'mini':3 'quich':5 'size':7 'snack':6",
        "count": 0,
        "cart": false
    },
    {
        "id": "7071875",
        "category": "Frozen Food",
        "storeID": "4429",
        "productID": "21543055_C04",
        "title": "Uncrustables Chocolate Flavoured Hazelnut Spread Sandwich",
        "brand": "Smuckers",
        "regprice": null,
        "saleprice": "$4.99",
        "wasprice": "$5.99",
        "sale": "SAVE $1.00",
        "image": "https://assets.shop.loblaws.ca/products/21543055/b3/en/front/21543055_front_a06_@2.png",
        "point": null,
        "stock": null,
        "weight": "4x52.0 g, $9.60/100g",
        "last_update": "2024-11-20",
        "storetype": "Loblaws",
        "member_price": null,
        "non_member_price": null,
        "desc_price": null,
        "temp_id": null,
        "tsv_title_brand": "'chocol':2 'flavour':3 'hazelnut':4 'sandwich':6 'smucker':7 'spread':5 'uncrust':1",
        "count": 0,
        "cart": false
    },
    {
        "id": "7071685",
        "category": "Frozen Food",
        "storeID": "4429",
        "productID": "21623187_EA",
        "title": "Egg With Spinach, Red Pepper & Parmesan Breakfast Bites, 4 per pack",
        "brand": "Schneiders Meat Pie",
        "regprice": null,
        "saleprice": "$5.00",
        "wasprice": "$6.99",
        "sale": "SAVE $1.99",
        "image": "https://assets.shop.loblaws.ca/products/21623187/b3/en/front/21623187_front_a06_@2.png",
        "point": null,
        "stock": null,
        "weight": "224 g, $2.23/100g",
        "last_update": "2024-11-20",
        "storetype": "Loblaws",
        "member_price": null,
        "non_member_price": null,
        "desc_price": null,
        "temp_id": null,
        "tsv_title_brand": "'4':9 'bite':8 'breakfast':7 'egg':1 'meat':13 'pack':11 'parmesan':6 'pepper':5 'per':10 'pie':14 'red':4 'schneider':12 'spinach':3",
        "count": 0,
        "cart": false
    },
    {
        "id": "7071686",
        "category": "Frozen Food",
        "storeID": "4429",
        "productID": "21623323_EA",
        "title": "Egg with Bacon & Cheddar Breakfast Bites, 4 per pack",
        "brand": "Schneider",
        "regprice": null,
        "saleprice": "$5.00",
        "wasprice": "$6.99",
        "sale": "SAVE $1.99",
        "image": "https://assets.shop.loblaws.ca/products/21623323/b3/en/front/21623323_front_a06_@2.png",
        "point": null,
        "stock": null,
        "weight": "224 g, $2.23/100g",
        "last_update": "2024-11-20",
        "storetype": "Loblaws",
        "member_price": null,
        "non_member_price": null,
        "desc_price": null,
        "temp_id": null,
        "tsv_title_brand": "'4':7 'bacon':3 'bite':6 'breakfast':5 'cheddar':4 'egg':1 'pack':9 'per':8 'schneider':10",
        "count": 0,
        "cart": false
    },
    {
        "id": "7071874",
        "category": "Frozen Food",
        "storeID": "4429",
        "productID": "21521355_EA",
        "title": "Filipino Chicken Adobo Lumpia Spring Rolls with Vegetables and Chicken",
        "brand": "President's Choice",
        "regprice": null,
        "saleprice": "$9.00",
        "wasprice": "$10.00",
        "sale": "SAVE $1.00",
        "image": "https://assets.shop.loblaws.ca/products/21521355/b3/en/front/21521355_front_a06_@2.png",
        "point": null,
        "stock": null,
        "weight": "560 g, $1.61/100g",
        "last_update": "2024-11-20",
        "storetype": "Loblaws",
        "member_price": null,
        "non_member_price": null,
        "desc_price": null,
        "temp_id": null,
        "tsv_title_brand": "'adobo':3 'chicken':2,10 'choic':13 'filipino':1 'lumpia':4 'presid':11 'roll':6 'spring':5 'veget':8",
        "count": 0,
        "cart": false
    },
    {
        "id": "7071876",
        "category": "Frozen Food",
        "storeID": "4429",
        "productID": "20065224002_EA",
        "title": "Original Corn Dogs",
        "brand": "Pogo",
        "regprice": null,
        "saleprice": "$15.99",
        "wasprice": "$16.99",
        "sale": "SAVE $1.00",
        "image": "https://assets.shop.loblaws.ca/products/20065224002/b3/en/front/20065224002_front_a06_@2.png",
        "point": null,
        "stock": null,
        "weight": "1.5 kg, $1.07/100g",
        "last_update": "2024-11-20",
        "storetype": "Loblaws",
        "member_price": null,
        "non_member_price": null,
        "desc_price": null,
        "temp_id": null,
        "tsv_title_brand": "'corn':2 'dog':3 'origin':1 'pogo':4",
        "count": 0,
        "cart": false
    },
    {
        "id": "7072030",
        "category": "Frozen Food",
        "storeID": "4429",
        "productID": "20344925001_EA",
        "title": "Natural Vanilla Ice Cream with fresh cream & real vanilla beans",
        "brand": "Breyers",
        "regprice": null,
        "saleprice": "$5.99",
        "wasprice": "$7.99",
        "sale": "SAVE $2.00",
        "image": "https://assets.shop.loblaws.ca/products/20344925001/b3/en/front/20344925001_front_a06_@2.png",
        "point": null,
        "stock": null,
        "weight": "1.66 l, $0.36/100ml",
        "last_update": "2024-11-20",
        "storetype": "Loblaws",
        "member_price": null,
        "non_member_price": null,
        "desc_price": null,
        "temp_id": null,
        "tsv_title_brand": "'bean':10 'breyer':11 'cream':4,7 'fresh':6 'ice':3 'natur':1 'real':8 'vanilla':2,9",
        "count": 0,
        "cart": false
    },
    {
        "id": "7072085",
        "category": "Frozen Food",
        "storeID": "4429",
        "productID": "20529120001_EA",
        "title": "Rainbow Sorbet",
        "brand": "Chapmans",
        "regprice": null,
        "saleprice": "$5.99",
        "wasprice": "$8.49",
        "sale": "SAVE $2.50",
        "image": "https://assets.shop.loblaws.ca/products/20529120001/b3/en/front/20529120001_front_a06_@2.png",
        "point": null,
        "stock": null,
        "weight": "2 l, $0.30/100ml",
        "last_update": "2024-11-20",
        "storetype": "Loblaws",
        "member_price": null,
        "non_member_price": null,
        "desc_price": null,
        "temp_id": null,
        "tsv_title_brand": "'chapman':3 'rainbow':1 'sorbet':2",
        "count": 0,
        "cart": false
    },
    {
        "id": "7072134",
        "category": "Frozen Food",
        "storeID": "4429",
        "productID": "21506998_EA",
        "title": "Cookie Dough Vanilla Chocolate Chip Ice Cream Bites",
        "brand": "President's Choice",
        "regprice": null,
        "saleprice": "$5.00",
        "wasprice": "$6.29",
        "sale": "SAVE $1.29",
        "image": "https://assets.shop.loblaws.ca/products/21506998/b3/en/front/21506998_front_a06_@2.png",
        "point": null,
        "stock": null,
        "weight": "180 ml, $2.78/100ml",
        "last_update": "2024-11-20",
        "storetype": "Loblaws",
        "member_price": null,
        "non_member_price": null,
        "desc_price": null,
        "temp_id": null,
        "tsv_title_brand": "'bite':8 'chip':5 'chocol':4 'choic':11 'cooki':1 'cream':7 'dough':2 'ice':6 'presid':9 'vanilla':3",
        "count": 0,
        "cart": false
    },
    {
        "id": "7072177",
        "category": "Frozen Food",
        "storeID": "4429",
        "productID": "20303840004_EA",
        "title": "3\" Tart Shells",
        "brand": "Tenderflake",
        "regprice": null,
        "saleprice": "$4.99",
        "wasprice": "$5.49",
        "sale": "SAVE $0.50",
        "image": "https://assets.shop.loblaws.ca/products/20303840004/b3/en/front/20303840004_front_a06_@2.png",
        "point": null,
        "stock": null,
        "weight": "255 g, $1.96/100g",
        "last_update": "2024-11-20",
        "storetype": "Loblaws",
        "member_price": null,
        "non_member_price": null,
        "desc_price": null,
        "temp_id": null,
        "tsv_title_brand": "'3':1 'shell':3 'tart':2 'tenderflak':4",
        "count": 0,
        "cart": false
    },
    {
        "id": "7072500",
        "category": "Frozen Food",
        "storeID": "4429",
        "productID": "20838559_EA",
        "title": "Pei Mussels In Provencale Sauce",
        "brand": "President's Choice",
        "regprice": null,
        "saleprice": "$7.99",
        "wasprice": "$12.99",
        "sale": "SAVE $5.00",
        "image": "https://assets.shop.loblaws.ca/products/20838559/b3/en/front/20838559_front_a06_@2.png",
        "point": null,
        "stock": null,
        "weight": "907 g, $0.88/100g",
        "last_update": "2024-11-20",
        "storetype": "Loblaws",
        "member_price": null,
        "non_member_price": null,
        "desc_price": null,
        "temp_id": null,
        "tsv_title_brand": "'choic':8 'mussel':2 'pei':1 'presid':6 'provencal':4 'sauc':5",
        "count": 0,
        "cart": false
    },
    {
        "id": "7063882",
        "category": "Meat",
        "storeID": "4429",
        "productID": "21522754_EA",
        "title": "Umami Wagyu Burgers",
        "brand": "PC Black Label",
        "regprice": null,
        "saleprice": "$10.00",
        "wasprice": "$13.00",
        "sale": "SAVE $3.00",
        "image": "https://assets.shop.loblaws.ca/products/21522754/b3/en/front/21522754_front_a06_@2.png",
        "point": null,
        "stock": null,
        "weight": "568 g, $1.76/100g",
        "last_update": "2024-11-20",
        "storetype": "Loblaws",
        "member_price": null,
        "non_member_price": null,
        "desc_price": null,
        "temp_id": null,
        "tsv_title_brand": "'black':5 'burger':3 'label':6 'pc':4 'umami':1 'wagyu':2",
        "count": 0,
        "cart": false
    },
    {
        "id": "7072437",
        "category": "Frozen Food",
        "storeID": "4429",
        "productID": "21201320_EA",
        "title": "Pub Recipe Chicken Nuggets, Fully Cooked",
        "brand": "President's Choice",
        "regprice": null,
        "saleprice": "$6.00",
        "wasprice": "$8.00",
        "sale": "SAVE $2.00",
        "image": "https://assets.shop.loblaws.ca/products/21201320/b3/en/front/21201320_front_a06_@2.png",
        "point": null,
        "stock": null,
        "weight": "700 g, $0.86/100g",
        "last_update": "2024-11-20",
        "storetype": "Loblaws",
        "member_price": "Prepared in Canada",
        "non_member_price": null,
        "desc_price": null,
        "temp_id": null,
        "tsv_title_brand": "'chicken':3 'choic':9 'cook':6 'fulli':5 'nugget':4 'presid':7 'pub':1 'recip':2",
        "count": 0,
        "cart": false
    },
    {
        "id": "7062420",
        "category": "Dairy & Eggs",
        "storeID": "4429",
        "productID": "21109025_EA",
        "title": "Oat Beverage, Original",
        "brand": "So Fresh",
        "regprice": null,
        "saleprice": "$2.49",
        "wasprice": "$2.99",
        "sale": "SAVE $0.50",
        "image": "https://assets.shop.loblaws.ca/products/21109025/b3/en/front/21109025_front_a06_@2.png",
        "point": null,
        "stock": null,
        "weight": "946 ml, $0.26/100ml",
        "last_update": "2024-11-20",
        "storetype": "Loblaws",
        "member_price": "Prepared in Canada",
        "non_member_price": null,
        "desc_price": null,
        "temp_id": null,
        "tsv_title_brand": "'beverag':2 'fresh':5 'oat':1 'origin':3",
        "count": 0,
        "cart": false
    },
    {
        "id": "7072921",
        "category": "Natural and Organic",
        "storeID": "4429",
        "productID": "20320493002_EA",
        "title": "Organic Apple Sauce Unsweetened Apple Cinnamon",
        "brand": "PC Organics",
        "regprice": null,
        "saleprice": "$3.49",
        "wasprice": "$3.99",
        "sale": "SAVE $0.50",
        "image": "https://assets.shop.loblaws.ca/products/20320493002/b3/en/front/20320493002_front_a06_@2.png",
        "point": null,
        "stock": null,
        "weight": "6x100.0 ml, $0.58/100ml",
        "last_update": "2024-11-20",
        "storetype": "Loblaws",
        "member_price": null,
        "non_member_price": null,
        "desc_price": null,
        "temp_id": null,
        "tsv_title_brand": "'appl':2,5 'cinnamon':6 'organ':1,8 'pc':7 'sauc':3 'unsweeten':4",
        "count": 0,
        "cart": false
    },
    {
        "id": "7072928",
        "category": "Natural and Organic",
        "storeID": "4429",
        "productID": "21562516_EA",
        "title": "Chocolate Style Bar Salted Caramel Milk Chocolate Style",
        "brand": "Lily's Sweet's",
        "regprice": null,
        "saleprice": "$4.99",
        "wasprice": "$5.99",
        "sale": "SAVE $1.00",
        "image": "https://assets.shop.loblaws.ca/products/21562516/b3/en/front/21562516_front_a06_@2.png",
        "point": null,
        "stock": null,
        "weight": "80 g, $6.24/100g",
        "last_update": "2024-11-20",
        "storetype": "Loblaws",
        "member_price": null,
        "non_member_price": null,
        "desc_price": null,
        "temp_id": null,
        "tsv_title_brand": "'bar':3 'caramel':5 'chocol':1,7 'lili':9 'milk':6 'salt':4 'style':2,8 'sweet':11",
        "count": 0,
        "cart": false
    },
    {
        "id": "7072940",
        "category": "Natural and Organic",
        "storeID": "4429",
        "productID": "21453325_EA",
        "title": "Dipped Clusters™Dark Chocolate Nuts and Berries",
        "brand": "Kind",
        "regprice": null,
        "saleprice": "$4.99",
        "wasprice": "$6.49",
        "sale": "SAVE $1.50",
        "image": "https://assets.shop.loblaws.ca/products/21453325/b3/en/front/21453325_front_a06_@2.png",
        "point": null,
        "stock": null,
        "weight": "113 g, $4.42/100g",
        "last_update": "2024-11-20",
        "storetype": "Loblaws",
        "member_price": null,
        "non_member_price": null,
        "desc_price": null,
        "temp_id": null,
        "tsv_title_brand": "'berri':7 'chocol':4 'cluster':2 'dark':3 'dip':1 'kind':8 'nut':5",
        "count": 0,
        "cart": false
    },
    {
        "id": "7072938",
        "category": "Natural and Organic",
        "storeID": "4429",
        "productID": "21579350_EA",
        "title": "Cookies Chocolate Chip",
        "brand": "Made Good",
        "regprice": null,
        "saleprice": "$4.99",
        "wasprice": "$6.49",
        "sale": "SAVE $1.50",
        "image": "https://assets.shop.loblaws.ca/products/21579350/b3/en/front/21579350_front_a06_@2.png",
        "point": null,
        "stock": null,
        "weight": "200 g, $2.50/100g",
        "last_update": "2024-11-20",
        "storetype": "Loblaws",
        "member_price": null,
        "non_member_price": null,
        "desc_price": null,
        "temp_id": null,
        "tsv_title_brand": "'chip':3 'chocol':2 'cooki':1 'good':5 'made':4",
        "count": 0,
        "cart": false
    },
    {
        "id": "7062068",
        "category": "Dairy & Eggs",
        "storeID": "4429",
        "productID": "20588702002_EA",
        "title": "Krema Greek Style Yogurt, Caffé Latt‚",
        "brand": "Olympic",
        "regprice": null,
        "saleprice": "$5.49",
        "wasprice": "$5.99",
        "sale": "SAVE $0.50",
        "image": "https://assets.shop.loblaws.ca/products/20588702002/b3/en/front/20588702002_front_a06_@2.png",
        "point": null,
        "stock": null,
        "weight": "500 g, $1.10/100g",
        "last_update": "2024-11-20",
        "storetype": "Loblaws",
        "member_price": null,
        "non_member_price": null,
        "desc_price": null,
        "temp_id": null,
        "tsv_title_brand": "'caffé':5 'greek':2 'krema':1 'latt':6 'olymp':7 'style':3 'yogurt':4",
        "count": 0,
        "cart": false
    },
    {
        "id": "7061002",
        "category": "Dairy & Eggs",
        "storeID": "4429",
        "productID": "21576699_EA",
        "title": "Oat Creamer, French Vanilla",
        "brand": "Earth's Own",
        "regprice": null,
        "saleprice": "$5.99",
        "wasprice": "$6.99",
        "sale": "SAVE $1.00",
        "image": "https://assets.shop.loblaws.ca/products/21576699/b3/en/front/21576699_front_a06_@2.png",
        "point": "500 PC Optimum Points",
        "stock": null,
        "weight": "946 ml, $0.63/100ml",
        "last_update": "2024-11-20",
        "storetype": "Loblaws",
        "member_price": null,
        "non_member_price": null,
        "desc_price": null,
        "temp_id": null,
        "tsv_title_brand": "'creamer':2 'earth':5 'french':3 'oat':1 'vanilla':4",
        "count": 0,
        "cart": false
    },
    {
        "id": "7072925",
        "category": "Natural and Organic",
        "storeID": "4429",
        "productID": "21311089_EA",
        "title": "Red Velvet Soft Baked Cookies",
        "brand": "Made Good",
        "regprice": null,
        "saleprice": "$3.00",
        "wasprice": "$3.99",
        "sale": "SAVE $0.99",
        "image": "https://assets.shop.loblaws.ca/products/21311089/b3/en/front/21311089_front_a06_@2.png",
        "point": null,
        "stock": null,
        "weight": "120 g, $12.50/100g",
        "last_update": "2024-11-20",
        "storetype": "Loblaws",
        "member_price": null,
        "non_member_price": null,
        "desc_price": null,
        "temp_id": null,
        "tsv_title_brand": "'bake':4 'cooki':5 'good':7 'made':6 'red':1 'soft':3 'velvet':2",
        "count": 0,
        "cart": false
    },
    {
        "id": "7069231",
        "category": "Snacks, Chips & Candy",
        "storeID": "4429",
        "productID": "21449459_EA",
        "title": "Cheezy Cracker Bites",
        "brand": "Freeyumm",
        "regprice": null,
        "saleprice": "$4.49",
        "wasprice": "$6.49",
        "sale": "SAVE $2.00",
        "image": "https://assets.shop.loblaws.ca/products/21449459/b3/en/front/21449459_front_a06_@2.png",
        "point": null,
        "stock": null,
        "weight": "120 g, $3.74/100g",
        "last_update": "2024-11-20",
        "storetype": "Loblaws",
        "member_price": null,
        "non_member_price": null,
        "desc_price": null,
        "temp_id": null,
        "tsv_title_brand": "'bite':3 'cheezi':1 'cracker':2 'freeyumm':4",
        "count": 0,
        "cart": false
    },
    {
        "id": "7069321",
        "category": "Snacks, Chips & Candy",
        "storeID": "4429",
        "productID": "21453323_EA",
        "title": "Dipped Clusters™Dark Chocolate Almond Butter",
        "brand": "Kind",
        "regprice": null,
        "saleprice": "$4.99",
        "wasprice": "$6.49",
        "sale": "SAVE $1.50",
        "image": "https://assets.shop.loblaws.ca/products/21453323/b3/en/front/21453323_front_a06_@2.png",
        "point": null,
        "stock": null,
        "weight": "113 g, $4.42/100g",
        "last_update": "2024-11-20",
        "storetype": "Loblaws",
        "member_price": null,
        "non_member_price": null,
        "desc_price": null,
        "temp_id": null,
        "tsv_title_brand": "'almond':5 'butter':6 'chocol':4 'cluster':2 'dark':3 'dip':1 'kind':7",
        "count": 0,
        "cart": false
    },
    {
        "id": "7073066",
        "category": "Natural and Organic",
        "storeID": "4429",
        "productID": "21107622_EA",
        "title": "Double Chocolate Soft Baked Cookies",
        "brand": "Made Good",
        "regprice": null,
        "saleprice": "$3.00",
        "wasprice": "$3.99",
        "sale": "SAVE $0.99",
        "image": "https://assets.shop.loblaws.ca/products/21107622/b3/en/front/21107622_front_a06_@2.png",
        "point": null,
        "stock": null,
        "weight": "120 g, $2.50/100g",
        "last_update": "2024-11-20",
        "storetype": "Loblaws",
        "member_price": "Prepared in Canada",
        "non_member_price": null,
        "desc_price": null,
        "temp_id": null,
        "tsv_title_brand": "'bake':4 'chocol':2 'cooki':5 'doubl':1 'good':7 'made':6 'soft':3",
        "count": 0,
        "cart": false
    },
    {
        "id": "7072945",
        "category": "Natural and Organic",
        "storeID": "4429",
        "productID": "21432968_EA",
        "title": "Oatmeal Chocolate Chip Gluten-Free Bites",
        "brand": "Heavenly Hunks",
        "regprice": null,
        "saleprice": "$5.49",
        "wasprice": "$5.99",
        "sale": "SAVE $0.50",
        "image": "https://assets.shop.loblaws.ca/products/21432968/b3/en/front/21432968_front_a06_@2.png",
        "point": null,
        "stock": null,
        "weight": "170 g, $3.23/100g",
        "last_update": "2024-11-20",
        "storetype": "Loblaws",
        "member_price": null,
        "non_member_price": null,
        "desc_price": null,
        "temp_id": null,
        "tsv_title_brand": "'bite':7 'chip':3 'chocol':2 'free':6 'gluten':5 'gluten-fre':4 'heaven':8 'hunk':9 'oatmeal':1",
        "count": 0,
        "cart": false
    },
    {
        "id": "7073270",
        "category": "Natural and Organic",
        "storeID": "4429",
        "productID": "21306822_EA",
        "title": "Organic Apple Strawberry Fruit Snacks",
        "brand": "PC Organics",
        "regprice": null,
        "saleprice": "$3.79",
        "wasprice": "$3.99",
        "sale": "SAVE $0.20",
        "image": "https://assets.shop.loblaws.ca/products/21306822/b3/en/front/21306822_front_a06_@2.png",
        "point": null,
        "stock": null,
        "weight": "4x90.0 g, $1.05/100g",
        "last_update": "2024-11-20",
        "storetype": "Loblaws",
        "member_price": null,
        "non_member_price": null,
        "desc_price": null,
        "temp_id": null,
        "tsv_title_brand": "'appl':2 'fruit':4 'organ':1,7 'pc':6 'snack':5 'strawberri':3",
        "count": 0,
        "cart": false
    },
    {
        "id": "7072939",
        "category": "Natural and Organic",
        "storeID": "4429",
        "productID": "21545334_EA",
        "title": "Good Crunch Pineapple Bites With Chili",
        "brand": "Dole",
        "regprice": null,
        "saleprice": "$4.99",
        "wasprice": "$5.49",
        "sale": "SAVE $0.50",
        "image": "https://assets.shop.loblaws.ca/products/21545334/b3/en/front/21545334_front_a06_@2.png",
        "point": null,
        "stock": null,
        "weight": "40 g, $12.48/100g",
        "last_update": "2024-11-20",
        "storetype": "Loblaws",
        "member_price": null,
        "non_member_price": null,
        "desc_price": null,
        "temp_id": null,
        "tsv_title_brand": "'bite':4 'chili':6 'crunch':2 'dole':7 'good':1 'pineappl':3",
        "count": 0,
        "cart": false
    },
    {
        "id": "7069306",
        "category": "Snacks, Chips & Candy",
        "storeID": "4429",
        "productID": "21453322_EA",
        "title": "Dipped Clusters™ Dark Chocolate Vanilla Cashew",
        "brand": "Kind",
        "regprice": null,
        "saleprice": "$4.99",
        "wasprice": "$6.49",
        "sale": "SAVE $1.50",
        "image": "https://assets.shop.loblaws.ca/products/21453322/b3/en/front/21453322_front_a06_@2.png",
        "point": null,
        "stock": null,
        "weight": "113 g, $4.42/100g",
        "last_update": "2024-11-20",
        "storetype": "Loblaws",
        "member_price": null,
        "non_member_price": null,
        "desc_price": null,
        "temp_id": null,
        "tsv_title_brand": "'cashew':6 'chocol':4 'cluster':2 'dark':3 'dip':1 'kind':7 'vanilla':5",
        "count": 0,
        "cart": false
    },
    {
        "id": "7072930",
        "category": "Natural and Organic",
        "storeID": "4429",
        "productID": "21107607_EA",
        "title": "Chocolate Banana Soft Baked Cookies",
        "brand": "Made Good",
        "regprice": null,
        "saleprice": "$3.00",
        "wasprice": "$3.99",
        "sale": "SAVE $0.99",
        "image": "https://assets.shop.loblaws.ca/products/21107607/b3/en/front/21107607_front_a06_@2.png",
        "point": null,
        "stock": null,
        "weight": "120 g, $2.50/100g",
        "last_update": "2024-11-20",
        "storetype": "Loblaws",
        "member_price": "Prepared in Canada",
        "non_member_price": null,
        "desc_price": null,
        "temp_id": null,
        "tsv_title_brand": "'bake':4 'banana':2 'chocol':1 'cooki':5 'good':7 'made':6 'soft':3",
        "count": 0,
        "cart": false
    },
    {
        "id": "7072941",
        "category": "Natural and Organic",
        "storeID": "4429",
        "productID": "21562684_EA",
        "title": "Chocolate Style Bar Creamy Milk Chocolate Style",
        "brand": "Lily's Sweet's",
        "regprice": null,
        "saleprice": "$4.99",
        "wasprice": "$5.99",
        "sale": "SAVE $1.00",
        "image": "https://assets.shop.loblaws.ca/products/21562684/b3/en/front/21562684_front_a06_@2.png",
        "point": null,
        "stock": null,
        "weight": "85 g, $5.87/100g",
        "last_update": "2024-11-20",
        "storetype": "Loblaws",
        "member_price": null,
        "non_member_price": null,
        "desc_price": null,
        "temp_id": null,
        "tsv_title_brand": "'bar':3 'chocol':1,6 'creami':4 'lili':8 'milk':5 'style':2,7 'sweet':10",
        "count": 0,
        "cart": false
    },
    {
        "id": "7073070",
        "category": "Natural and Organic",
        "storeID": "4429",
        "productID": "21579645_EA",
        "title": "Cookies Vanilla",
        "brand": "Made Good",
        "regprice": null,
        "saleprice": "$4.99",
        "wasprice": "$6.49",
        "sale": "SAVE $1.50",
        "image": "https://assets.shop.loblaws.ca/products/21579645/b3/en/front/21579645_front_a06_@2.png",
        "point": null,
        "stock": null,
        "weight": "200 g, $2.50/100g",
        "last_update": "2024-11-20",
        "storetype": "Loblaws",
        "member_price": null,
        "non_member_price": null,
        "desc_price": null,
        "temp_id": null,
        "tsv_title_brand": "'cooki':1 'good':4 'made':3 'vanilla':2",
        "count": 0,
        "cart": false
    },
    {
        "id": "7073077",
        "category": "Natural and Organic",
        "storeID": "4429",
        "productID": "21545332_EA",
        "title": "Good Crunch Pineapple Bites Original",
        "brand": "Dole",
        "regprice": null,
        "saleprice": "$4.99",
        "wasprice": "$5.49",
        "sale": "SAVE $0.50",
        "image": "https://assets.shop.loblaws.ca/products/21545332/b3/en/front/21545332_front_a06_@2.png",
        "point": null,
        "stock": null,
        "weight": "40 g, $12.48/100g",
        "last_update": "2024-11-20",
        "storetype": "Loblaws",
        "member_price": null,
        "non_member_price": null,
        "desc_price": null,
        "temp_id": null,
        "tsv_title_brand": "'bite':4 'crunch':2 'dole':6 'good':1 'origin':5 'pineappl':3",
        "count": 0,
        "cart": false
    },
    {
        "id": "7073263",
        "category": "Natural and Organic",
        "storeID": "4429",
        "productID": "21107621_EA",
        "title": "Chocolate Chip Soft Baked Cookies",
        "brand": "Made Good",
        "regprice": null,
        "saleprice": "$3.00",
        "wasprice": "$3.99",
        "sale": "SAVE $0.99",
        "image": "https://assets.shop.loblaws.ca/products/21107621/b3/en/front/21107621_front_a06_@2.png",
        "point": null,
        "stock": null,
        "weight": "120 g, $2.50/100g",
        "last_update": "2024-11-20",
        "storetype": "Loblaws",
        "member_price": "Prepared in Canada",
        "non_member_price": null,
        "desc_price": null,
        "temp_id": null,
        "tsv_title_brand": "'bake':4 'chip':2 'chocol':1 'cooki':5 'good':7 'made':6 'soft':3",
        "count": 0,
        "cart": false
    },
    {
        "id": "7073269",
        "category": "Natural and Organic",
        "storeID": "4429",
        "productID": "21579673_EA",
        "title": "Cookies Double Chocolate",
        "brand": "Made Good",
        "regprice": null,
        "saleprice": "$4.99",
        "wasprice": "$6.49",
        "sale": "SAVE $1.50",
        "image": "https://assets.shop.loblaws.ca/products/21579673/b3/en/front/21579673_front_a06_@2.png",
        "point": null,
        "stock": null,
        "weight": "200 g, $2.50/100g",
        "last_update": "2024-11-20",
        "storetype": "Loblaws",
        "member_price": null,
        "non_member_price": null,
        "desc_price": null,
        "temp_id": null,
        "tsv_title_brand": "'chocol':3 'cooki':1 'doubl':2 'good':5 'made':4",
        "count": 0,
        "cart": false
    },
    {
        "id": "7073072",
        "category": "Natural and Organic",
        "storeID": "4429",
        "productID": "21383313_EA",
        "title": "Peanut Butter Chocolate Chip",
        "brand": "Snackconscious",
        "regprice": null,
        "saleprice": "$8.99",
        "wasprice": "$11.99",
        "sale": "SAVE $3.00",
        "image": "https://assets.shop.loblaws.ca/products/21383313/b3/en/front/21383313_front_a06_@2.png",
        "point": null,
        "stock": null,
        "weight": "150 g, $5.99/100g",
        "last_update": "2024-11-20",
        "storetype": "Loblaws",
        "member_price": null,
        "non_member_price": null,
        "desc_price": null,
        "temp_id": null,
        "tsv_title_brand": "'butter':2 'chip':4 'chocol':3 'peanut':1 'snackconsci':5",
        "count": 0,
        "cart": false
    },
    {
        "id": "7073172",
        "category": "Natural and Organic",
        "storeID": "4429",
        "productID": "21562657_EA",
        "title": "Chocolate Style Bar Sea Salt Extra Dark Chocolate Style",
        "brand": "Lily's Sweet's",
        "regprice": null,
        "saleprice": "$4.99",
        "wasprice": "$5.99",
        "sale": "SAVE $1.00",
        "image": "https://assets.shop.loblaws.ca/products/21562657/b3/en/front/21562657_front_a06_@2.png",
        "point": null,
        "stock": null,
        "weight": "80 g, $6.24/100g",
        "last_update": "2024-11-20",
        "storetype": "Loblaws",
        "member_price": null,
        "non_member_price": null,
        "desc_price": null,
        "temp_id": null,
        "tsv_title_brand": "'bar':3 'chocol':1,8 'dark':7 'extra':6 'lili':10 'salt':5 'sea':4 'style':2,9 'sweet':12",
        "count": 0,
        "cart": false
    },
    {
        "id": "7073262",
        "category": "Natural and Organic",
        "storeID": "4429",
        "productID": "20320493001_EA",
        "title": "Organic Apple Sauce Unsweetened Apple",
        "brand": "PC Organics",
        "regprice": null,
        "saleprice": "$3.49",
        "wasprice": "$3.99",
        "sale": "SAVE $0.50",
        "image": "https://assets.shop.loblaws.ca/products/20320493001/b3/en/front/20320493001_front_a06_@2.png",
        "point": null,
        "stock": null,
        "weight": "6x100.0 ml, $0.58/100ml",
        "last_update": "2024-11-20",
        "storetype": "Loblaws",
        "member_price": null,
        "non_member_price": null,
        "desc_price": null,
        "temp_id": null,
        "tsv_title_brand": "'appl':2,5 'organ':1,7 'pc':6 'sauc':3 'unsweeten':4",
        "count": 0,
        "cart": false
    },
    {
        "id": "7071199",
        "category": "Frozen Food",
        "storeID": "4429",
        "productID": "21538958_EA",
        "title": "Plant-Based Chicken, Smoked Bacon & Ranch Flavour Flatbread",
        "brand": "Daiya",
        "regprice": null,
        "saleprice": "$9.99",
        "wasprice": "$10.99",
        "sale": "SAVE $1.00",
        "image": "https://assets.shop.loblaws.ca/products/21538958/b3/en/front/21538958_front_a06_@2.png",
        "point": "2,000 PC Optimum Points",
        "stock": null,
        "weight": "331 g, $3.02/100g",
        "last_update": "2024-11-20",
        "storetype": "Loblaws",
        "member_price": null,
        "non_member_price": null,
        "desc_price": null,
        "temp_id": null,
        "tsv_title_brand": "'bacon':6 'base':3 'chicken':4 'daiya':10 'flatbread':9 'flavour':8 'plant':2 'plant-bas':1 'ranch':7 'smoke':5",
        "count": 0,
        "cart": false
    },
    {
        "id": "7074045",
        "category": "Natural and Organic",
        "storeID": "4429",
        "productID": "20322266001_EA",
        "title": "Peanut Butter, Creamy",
        "brand": "Natur",
        "regprice": null,
        "saleprice": "$5.49",
        "wasprice": "$5.99",
        "sale": "SAVE $0.50",
        "image": "https://assets.shop.loblaws.ca/products/20322266001/b3/en/front/20322266001_front_a06_@2.png",
        "point": null,
        "stock": null,
        "weight": "500 g, $1.10/100g",
        "last_update": "2024-11-20",
        "storetype": "Loblaws",
        "member_price": null,
        "non_member_price": null,
        "desc_price": null,
        "temp_id": null,
        "tsv_title_brand": "'butter':2 'creami':3 'natur':4 'peanut':1",
        "count": 0,
        "cart": false
    },
    {
        "id": "7065534",
        "category": "Pantry",
        "storeID": "4429",
        "productID": "21517442_EA",
        "title": "Whole Raw Almonds",
        "brand": "PC Organics",
        "regprice": null,
        "saleprice": "$8.09",
        "wasprice": "$8.99",
        "sale": "SAVE $0.90",
        "image": "https://assets.shop.loblaws.ca/products/21517442/b3/en/front/21517442_front_a06_@2.png",
        "point": null,
        "stock": null,
        "weight": "200 g, $4.05/100g",
        "last_update": "2024-11-20",
        "storetype": "Loblaws",
        "member_price": null,
        "non_member_price": null,
        "desc_price": null,
        "temp_id": null,
        "tsv_title_brand": "'almond':3 'organ':5 'pc':4 'raw':2 'whole':1",
        "count": 0,
        "cart": false
    },
    {
        "id": "7073991",
        "category": "Natural and Organic",
        "storeID": "4429",
        "productID": "20085671_EA",
        "title": "Super High Fibre Muesli",
        "brand": "Dorset",
        "regprice": null,
        "saleprice": "$7.49",
        "wasprice": "$7.99",
        "sale": "SAVE $0.50",
        "image": "https://assets.shop.loblaws.ca/products/20085671/b3/en/front/20085671_front_a06_@2.png",
        "point": null,
        "stock": null,
        "weight": "540 g, $1.39/100g",
        "last_update": "2024-11-20",
        "storetype": "Loblaws",
        "member_price": null,
        "non_member_price": null,
        "desc_price": null,
        "temp_id": null,
        "tsv_title_brand": "'dorset':5 'fibr':3 'high':2 'muesli':4 'super':1",
        "count": 0,
        "cart": false
    },
    {
        "id": "7071076",
        "category": "Frozen Food",
        "storeID": "4429",
        "productID": "21044341_EA",
        "title": "Margherita",
        "brand": "Pizza Oggi",
        "regprice": null,
        "saleprice": "$8.99",
        "wasprice": "$10.99",
        "sale": "SAVE $2.00",
        "image": "https://assets.shop.loblaws.ca/products/21044341/b3/en/front/21044341_front_a06_@2.png",
        "point": null,
        "stock": null,
        "weight": "452 g, $1.99/100g",
        "last_update": "2024-11-20",
        "storetype": "Loblaws",
        "member_price": null,
        "non_member_price": null,
        "desc_price": null,
        "temp_id": null,
        "tsv_title_brand": "'margherita':1 'oggi':3 'pizza':2",
        "count": 0,
        "cart": false
    },
    {
        "id": "7073970",
        "category": "Natural and Organic",
        "storeID": "4429",
        "productID": "20298178_EA",
        "title": "Organics Smooth Peanut Butter",
        "brand": "PC Organics",
        "regprice": null,
        "saleprice": "$4.99",
        "wasprice": "$5.79",
        "sale": "SAVE $0.80",
        "image": "https://assets.shop.loblaws.ca/products/20298178/b3/en/front/20298178_front_a06_@2.png",
        "point": null,
        "stock": null,
        "weight": "500 g, $1.00/100g",
        "last_update": "2024-11-20",
        "storetype": "Loblaws",
        "member_price": null,
        "non_member_price": null,
        "desc_price": null,
        "temp_id": null,
        "tsv_title_brand": "'butter':4 'organ':1,6 'pc':5 'peanut':3 'smooth':2",
        "count": 0,
        "cart": false
    },
    {
        "id": "7066903",
        "category": "Pantry",
        "storeID": "4429",
        "productID": "20939529_EA",
        "title": "Cheddar Flavour Plant-Based Deluxe Mac & Cheeze",
        "brand": "Daiya",
        "regprice": null,
        "saleprice": "$5.99",
        "wasprice": "$6.49",
        "sale": "SAVE $0.50",
        "image": "https://assets.shop.loblaws.ca/products/20939529/b3/en/front/20939529_front_a06_@2.png",
        "point": null,
        "stock": null,
        "weight": "300 g, $2.00/100g",
        "last_update": "2024-11-20",
        "storetype": "Loblaws",
        "member_price": null,
        "non_member_price": null,
        "desc_price": null,
        "temp_id": null,
        "tsv_title_brand": "'base':5 'cheddar':1 'cheez':8 'daiya':9 'delux':6 'flavour':2 'mac':7 'plant':4 'plant-bas':3",
        "count": 0,
        "cart": false
    },
    {
        "id": "7071243",
        "category": "Frozen Food",
        "storeID": "4429",
        "productID": "21375413_EA",
        "title": "Just Egg Plant",
        "brand": "JUST Egg",
        "regprice": null,
        "saleprice": "$7.49",
        "wasprice": "$7.99",
        "sale": "SAVE $0.50",
        "image": "https://assets.shop.loblaws.ca/products/21375413/b3/en/front/21375413_front_a06_@2.png",
        "point": null,
        "stock": null,
        "weight": "56.75 g, $13.20/100g",
        "last_update": "2024-11-20",
        "storetype": "Loblaws",
        "member_price": null,
        "non_member_price": null,
        "desc_price": null,
        "temp_id": null,
        "tsv_title_brand": "'egg':2,5 'plant':3",
        "count": 0,
        "cart": false
    },
    {
        "id": "7073688",
        "category": "Natural and Organic",
        "storeID": "4429",
        "productID": "21366157_EA",
        "title": "Mushroom Ground Coffee",
        "brand": "Four Sigmatic",
        "regprice": null,
        "saleprice": "$24.99",
        "wasprice": "$26.99",
        "sale": "SAVE $2.00",
        "image": "https://assets.shop.loblaws.ca/products/21366157/b3/en/front/21366157_front_a06_@2.png",
        "point": null,
        "stock": null,
        "weight": "340 g, $7.35/100g",
        "last_update": "2024-11-20",
        "storetype": "Loblaws",
        "member_price": null,
        "non_member_price": null,
        "desc_price": null,
        "temp_id": null,
        "tsv_title_brand": "'coffe':3 'four':4 'ground':2 'mushroom':1 'sigmat':5",
        "count": 0,
        "cart": false
    },
    {
        "id": "7073709",
        "category": "Natural and Organic",
        "storeID": "4429",
        "productID": "21411145_EA",
        "title": "Ginger Turmeric Herbal Tea",
        "brand": "PC Organics",
        "regprice": null,
        "saleprice": "$3.99",
        "wasprice": "$5.49",
        "sale": "SAVE $1.50",
        "image": "https://assets.shop.loblaws.ca/products/21411145/b3/en/front/21411145_front_a06_@2.png",
        "point": null,
        "stock": null,
        "weight": "1 ea, $3.99/1ea",
        "last_update": "2024-11-20",
        "storetype": "Loblaws",
        "member_price": null,
        "non_member_price": null,
        "desc_price": null,
        "temp_id": null,
        "tsv_title_brand": "'ginger':1 'herbal':3 'organ':6 'pc':5 'tea':4 'turmer':2",
        "count": 0,
        "cart": false
    },
    {
        "id": "7073766",
        "category": "Natural and Organic",
        "storeID": "4429",
        "productID": "21245955_EA",
        "title": "Lychee & Jasmine",
        "brand": "Rise Kombucha",
        "regprice": null,
        "saleprice": "$3.79",
        "wasprice": "$4.29",
        "sale": "SAVE $0.50",
        "image": "https://assets.shop.loblaws.ca/products/21245955/b3/en/front/21245955_front_a06_@2.png",
        "point": "1,000 PC Optimum Points",
        "stock": null,
        "weight": "414 ml, $0.92/100ml",
        "last_update": "2024-11-20",
        "storetype": "Loblaws",
        "member_price": null,
        "non_member_price": null,
        "desc_price": null,
        "temp_id": null,
        "tsv_title_brand": "'jasmin':2 'kombucha':4 'lyche':1 'rise':3",
        "count": 0,
        "cart": false
    },
    {
        "id": "7073713",
        "category": "Natural and Organic",
        "storeID": "4429",
        "productID": "21385670_EA",
        "title": "Instant Herbal Beverage With Dandelion",
        "brand": "Dandy Blend",
        "regprice": null,
        "saleprice": "$20.49",
        "wasprice": "$21.99",
        "sale": "SAVE $1.50",
        "image": "https://assets.shop.loblaws.ca/products/21385670/b3/en/front/21385670_front_a06_@2.png",
        "point": null,
        "stock": null,
        "weight": "200 g, $10.25/100g",
        "last_update": "2024-11-20",
        "storetype": "Loblaws",
        "member_price": null,
        "non_member_price": null,
        "desc_price": null,
        "temp_id": null,
        "tsv_title_brand": "'beverag':3 'blend':7 'dandelion':5 'dandi':6 'herbal':2 'instant':1",
        "count": 0,
        "cart": false
    },
    {
        "id": "7073719",
        "category": "Natural and Organic",
        "storeID": "4429",
        "productID": "21334398_EA",
        "title": "Kombucha Watermelon & Mint",
        "brand": "Rise Kombucha",
        "regprice": null,
        "saleprice": "$3.79",
        "wasprice": "$4.29",
        "sale": "SAVE $0.50",
        "image": "https://assets.shop.loblaws.ca/products/21334398/b3/en/front/21334398_front_a06_@2.png",
        "point": "1,000 PC Optimum Points",
        "stock": null,
        "weight": "414 ml, $0.92/100ml",
        "last_update": "2024-11-20",
        "storetype": "Loblaws",
        "member_price": null,
        "non_member_price": null,
        "desc_price": null,
        "temp_id": null,
        "tsv_title_brand": "'kombucha':1,5 'mint':3 'rise':4 'watermelon':2",
        "count": 0,
        "cart": false
    },
    {
        "id": "7073760",
        "category": "Natural and Organic",
        "storeID": "4429",
        "productID": "20910755003_EA",
        "title": "Hibiscus & Rose Hips",
        "brand": "Rise Kombucha",
        "regprice": null,
        "saleprice": "$3.79",
        "wasprice": "$4.29",
        "sale": "SAVE $0.50",
        "image": "https://assets.shop.loblaws.ca/products/20910755003/b3/en/front/20910755003_front_a06_@2.png",
        "point": "1,000 PC Optimum Points",
        "stock": null,
        "weight": "414 ml, $0.92/100ml",
        "last_update": "2024-11-20",
        "storetype": "Loblaws",
        "member_price": null,
        "non_member_price": null,
        "desc_price": null,
        "temp_id": null,
        "tsv_title_brand": "'hibiscus':1 'hip':3 'kombucha':5 'rise':4 'rose':2",
        "count": 0,
        "cart": false
    },
    {
        "id": "7073754",
        "category": "Natural and Organic",
        "storeID": "4429",
        "productID": "21411143_EA",
        "title": "Green Tea",
        "brand": "PC Organics",
        "regprice": null,
        "saleprice": "$3.99",
        "wasprice": "$5.49",
        "sale": "SAVE $1.50",
        "image": "https://assets.shop.loblaws.ca/products/21411143/b3/en/front/21411143_front_a06_@2.png",
        "point": null,
        "stock": null,
        "weight": "1 ea, $3.99/1ea",
        "last_update": "2024-11-20",
        "storetype": "Loblaws",
        "member_price": null,
        "non_member_price": null,
        "desc_price": null,
        "temp_id": null,
        "tsv_title_brand": "'green':1 'organ':4 'pc':3 'tea':2",
        "count": 0,
        "cart": false
    },
    {
        "id": "7073764",
        "category": "Natural and Organic",
        "storeID": "4429",
        "productID": "21400291_EA",
        "title": "Instant Chicken Bone Broth Thai Coconut",
        "brand": "Bone Brewhouse",
        "regprice": null,
        "saleprice": "$10.99",
        "wasprice": "$11.99",
        "sale": "SAVE $1.00",
        "image": "https://assets.shop.loblaws.ca/products/21400291/b3/en/front/21400291_front_a06_@2.png",
        "point": null,
        "stock": null,
        "weight": "16 g, $68.69/100g",
        "last_update": "2024-11-20",
        "storetype": "Loblaws",
        "member_price": null,
        "non_member_price": null,
        "desc_price": null,
        "temp_id": null,
        "tsv_title_brand": "'bone':3,7 'brewhous':8 'broth':4 'chicken':2 'coconut':6 'instant':1 'thai':5",
        "count": 0,
        "cart": false
    },
    {
        "id": "7073975",
        "category": "Natural and Organic",
        "storeID": "4429",
        "productID": "21522267_EA",
        "title": "Morning Crisp Dark Chocolate Granola Cereal",
        "brand": "Jordans",
        "regprice": null,
        "saleprice": "$6.49",
        "wasprice": "$7.49",
        "sale": "SAVE $1.00",
        "image": "https://assets.shop.loblaws.ca/products/21522267/b3/en/front/21522267_front_a06_@2.png",
        "point": null,
        "stock": null,
        "weight": "400 g, $1.62/100g",
        "last_update": "2024-11-20",
        "storetype": "Loblaws",
        "member_price": null,
        "non_member_price": null,
        "desc_price": null,
        "temp_id": null,
        "tsv_title_brand": "'cereal':6 'chocol':4 'crisp':2 'dark':3 'granola':5 'jordan':7 'morn':1",
        "count": 0,
        "cart": false
    },
    {
        "id": "7073765",
        "category": "Natural and Organic",
        "storeID": "4429",
        "productID": "21295048_EA",
        "title": "Mango & Papaya",
        "brand": "Rise Kombucha",
        "regprice": null,
        "saleprice": "$3.79",
        "wasprice": "$4.29",
        "sale": "SAVE $0.50",
        "image": "https://assets.shop.loblaws.ca/products/21295048/b3/en/front/21295048_front_a06_@2.png",
        "point": "1,000 PC Optimum Points",
        "stock": null,
        "weight": "414 ml, $0.92/100ml",
        "last_update": "2024-11-20",
        "storetype": "Loblaws",
        "member_price": null,
        "non_member_price": null,
        "desc_price": null,
        "temp_id": null,
        "tsv_title_brand": "'kombucha':4 'mango':1 'papaya':2 'rise':3",
        "count": 0,
        "cart": false
    },
    {
        "id": "7073965",
        "category": "Natural and Organic",
        "storeID": "4429",
        "productID": "21396198_EA",
        "title": "Old Fashioned Gluten Free Rolled Oats",
        "brand": "PC Organics",
        "regprice": null,
        "saleprice": "$6.49",
        "wasprice": "$6.99",
        "sale": "SAVE $0.50",
        "image": "https://assets.shop.loblaws.ca/products/21396198/b3/en/front/21396198_front_a06_@2.png",
        "point": null,
        "stock": null,
        "weight": "900 g, $0.72/100g",
        "last_update": "2024-11-20",
        "storetype": "Loblaws",
        "member_price": null,
        "non_member_price": null,
        "desc_price": null,
        "temp_id": null,
        "tsv_title_brand": "'fashion':2 'free':4 'gluten':3 'oat':6 'old':1 'organ':8 'pc':7 'roll':5",
        "count": 0,
        "cart": false
    },
    {
        "id": "7073981",
        "category": "Natural and Organic",
        "storeID": "4429",
        "productID": "21522401_EA",
        "title": "Supreme Medley Muesli",
        "brand": "Jordans",
        "regprice": null,
        "saleprice": "$6.49",
        "wasprice": "$7.49",
        "sale": "SAVE $1.00",
        "image": "https://assets.shop.loblaws.ca/products/21522401/b3/en/front/21522401_front_a06_@2.png",
        "point": null,
        "stock": null,
        "weight": "400 g, $1.62/100g",
        "last_update": "2024-11-20",
        "storetype": "Loblaws",
        "member_price": null,
        "non_member_price": null,
        "desc_price": null,
        "temp_id": null,
        "tsv_title_brand": "'jordan':4 'medley':2 'muesli':3 'suprem':1",
        "count": 0,
        "cart": false
    },
    {
        "id": "7073969",
        "category": "Natural and Organic",
        "storeID": "4429",
        "productID": "20184419001_EA",
        "title": "Simply Delicious Muesli",
        "brand": "Dorset",
        "regprice": null,
        "saleprice": "$7.49",
        "wasprice": "$7.99",
        "sale": "SAVE $0.50",
        "image": "https://assets.shop.loblaws.ca/products/20184419001/b3/en/front/20184419001_front_a06_@2.png",
        "point": null,
        "stock": null,
        "weight": "620 g, $1.21/100g",
        "last_update": "2024-11-20",
        "storetype": "Loblaws",
        "member_price": null,
        "non_member_price": null,
        "desc_price": null,
        "temp_id": null,
        "tsv_title_brand": "'delici':2 'dorset':4 'muesli':3 'simpli':1",
        "count": 0,
        "cart": false
    },
    {
        "id": "7069314",
        "category": "Snacks, Chips & Candy",
        "storeID": "4429",
        "productID": "21425469_EA",
        "title": "Chocolate Chip Morning Bars",
        "brand": "Made Good",
        "regprice": null,
        "saleprice": "$3.00",
        "wasprice": "$3.99",
        "sale": "SAVE $0.99",
        "image": "https://assets.shop.loblaws.ca/products/21425469/b3/en/front/21425469_front_a06_@2.png",
        "point": null,
        "stock": null,
        "weight": "150 g, $2.00/100g",
        "last_update": "2024-11-20",
        "storetype": "Loblaws",
        "member_price": null,
        "non_member_price": null,
        "desc_price": null,
        "temp_id": null,
        "tsv_title_brand": "'bar':4 'chip':2 'chocol':1 'good':6 'made':5 'morn':3",
        "count": 0,
        "cart": false
    },
    {
        "id": "7073971",
        "category": "Natural and Organic",
        "storeID": "4429",
        "productID": "20055833_EA",
        "title": "Organic Crunchy Peanut Butter",
        "brand": "PC Organics",
        "regprice": null,
        "saleprice": "$4.99",
        "wasprice": "$5.79",
        "sale": "SAVE $0.80",
        "image": "https://assets.shop.loblaws.ca/products/20055833/b3/en/front/20055833_front_a06_@2.png",
        "point": null,
        "stock": null,
        "weight": "500 g, $1.00/100g",
        "last_update": "2024-11-20",
        "storetype": "Loblaws",
        "member_price": null,
        "non_member_price": null,
        "desc_price": null,
        "temp_id": null,
        "tsv_title_brand": "'butter':4 'crunchi':2 'organ':1,6 'pc':5 'peanut':3",
        "count": 0,
        "cart": false
    },
    {
        "id": "7074039",
        "category": "Natural and Organic",
        "storeID": "4429",
        "productID": "20022185_EA",
        "title": "Really Nutty Muesli",
        "brand": "Dorset",
        "regprice": null,
        "saleprice": "$7.49",
        "wasprice": "$7.99",
        "sale": "SAVE $0.50",
        "image": "https://assets.shop.loblaws.ca/products/20022185/b3/en/front/20022185_front_a06_@2.png",
        "point": null,
        "stock": null,
        "weight": "560 g, $1.34/100g",
        "last_update": "2024-11-20",
        "storetype": "Loblaws",
        "member_price": null,
        "non_member_price": null,
        "desc_price": null,
        "temp_id": null,
        "tsv_title_brand": "'dorset':4 'muesli':3 'nutti':2 'realli':1",
        "count": 0,
        "cart": false
    },
    {
        "id": "7073974",
        "category": "Natural and Organic",
        "storeID": "4429",
        "productID": "20794851_EA",
        "title": "Organic Amber Maple Syrup",
        "brand": "Shady Maple Farms",
        "regprice": null,
        "saleprice": "$14.79",
        "wasprice": "$15.99",
        "sale": "SAVE $1.20",
        "image": "https://assets.shop.loblaws.ca/products/20794851/b3/en/front/20794851_front_a06_@2.png",
        "point": null,
        "stock": null,
        "weight": "375 ml, $3.94/100ml",
        "last_update": "2024-11-20",
        "storetype": "Loblaws",
        "member_price": null,
        "non_member_price": null,
        "desc_price": null,
        "temp_id": null,
        "tsv_title_brand": "'amber':2 'farm':7 'mapl':3,6 'organ':1 'shadi':5 'syrup':4",
        "count": 0,
        "cart": false
    },
    {
        "id": "7067275",
        "category": "Pantry",
        "storeID": "4429",
        "productID": "20600219_EA",
        "title": "Organic Soup, Fire Roasted Southwestern Vegetable",
        "brand": "Amys",
        "regprice": null,
        "saleprice": "$4.99",
        "wasprice": "$5.49",
        "sale": "SAVE $0.50",
        "image": "https://assets.shop.loblaws.ca/products/20600219/b3/en/front/20600219_front_a06_@2.png",
        "point": null,
        "stock": null,
        "weight": "398 ml, $1.25/100ml",
        "last_update": "2024-11-20",
        "storetype": "Loblaws",
        "member_price": null,
        "non_member_price": null,
        "desc_price": null,
        "temp_id": null,
        "tsv_title_brand": "'ami':7 'fire':3 'organ':1 'roast':4 'soup':2 'southwestern':5 'veget':6",
        "count": 0,
        "cart": false
    },
    {
        "id": "7073968",
        "category": "Natural and Organic",
        "storeID": "4429",
        "productID": "20922643001_EA",
        "title": "Almond Butter, Smooth",
        "brand": "Nuts to You",
        "regprice": null,
        "saleprice": "$10.99",
        "wasprice": "$13.99",
        "sale": "SAVE $3.00",
        "image": "https://assets.shop.loblaws.ca/products/20922643001/b3/en/front/20922643001_front_a06_@2.png",
        "point": null,
        "stock": null,
        "weight": "365 g, $3.01/100g",
        "last_update": "2024-11-20",
        "storetype": "Loblaws",
        "member_price": null,
        "non_member_price": null,
        "desc_price": null,
        "temp_id": null,
        "tsv_title_brand": "'almond':1 'butter':2 'nut':4 'smooth':3",
        "count": 0,
        "cart": false
    },
    {
        "id": "7073986",
        "category": "Natural and Organic",
        "storeID": "4429",
        "productID": "21085763_EA",
        "title": "Almond Butter Smooth",
        "brand": "Barney Butter",
        "regprice": null,
        "saleprice": "$9.49",
        "wasprice": "$10.99",
        "sale": "SAVE $1.50",
        "image": "https://assets.shop.loblaws.ca/products/21085763/b3/en/front/21085763_front_a06_@2.png",
        "point": null,
        "stock": null,
        "weight": "284 g, $3.34/100g",
        "last_update": "2024-11-20",
        "storetype": "Loblaws",
        "member_price": null,
        "non_member_price": null,
        "desc_price": null,
        "temp_id": null,
        "tsv_title_brand": "'almond':1 'barney':4 'butter':2,5 'smooth':3",
        "count": 0,
        "cart": false
    },
    {
        "id": "7074046",
        "category": "Natural and Organic",
        "storeID": "4429",
        "productID": "20322266002_EA",
        "title": "Peanut Butter, Crunchy",
        "brand": "Natur",
        "regprice": null,
        "saleprice": "$5.49",
        "wasprice": "$5.99",
        "sale": "SAVE $0.50",
        "image": "https://assets.shop.loblaws.ca/products/20322266002/b3/en/front/20322266002_front_a06_@2.png",
        "point": null,
        "stock": null,
        "weight": "500 g, $1.10/100g",
        "last_update": "2024-11-20",
        "storetype": "Loblaws",
        "member_price": null,
        "non_member_price": null,
        "desc_price": null,
        "temp_id": null,
        "tsv_title_brand": "'butter':2 'crunchi':3 'natur':4 'peanut':1",
        "count": 0,
        "cart": false
    },
    {
        "id": "7069384",
        "category": "Snacks, Chips & Candy",
        "storeID": "4429",
        "productID": "21352117_EA",
        "title": "Cookie Crumble Chocolate Drizzled Bars",
        "brand": "Made Good",
        "regprice": null,
        "saleprice": "$3.00",
        "wasprice": "$3.99",
        "sale": "SAVE $0.99",
        "image": "https://assets.shop.loblaws.ca/products/21352117/b3/en/front/21352117_front_a06_@2.png",
        "point": null,
        "stock": null,
        "weight": "120 g, $2.50/100g",
        "last_update": "2024-11-20",
        "storetype": "Loblaws",
        "member_price": null,
        "non_member_price": null,
        "desc_price": null,
        "temp_id": null,
        "tsv_title_brand": "'bar':5 'chocol':3 'cooki':1 'crumbl':2 'drizzl':4 'good':7 'made':6",
        "count": 0,
        "cart": false
    },
    {
        "id": "7069138",
        "category": "Snacks, Chips & Candy",
        "storeID": "4429",
        "productID": "21351752_EA",
        "title": "Apple Cinnamon Granola Minis",
        "brand": "Made Good",
        "regprice": null,
        "saleprice": "$3.00",
        "wasprice": "$3.99",
        "sale": "SAVE $0.99",
        "image": "https://assets.shop.loblaws.ca/products/21351752/b3/en/front/21351752_front_a06_@2.png",
        "point": null,
        "stock": null,
        "weight": "24 g, $12.50/100g",
        "last_update": "2024-11-20",
        "storetype": "Loblaws",
        "member_price": null,
        "non_member_price": null,
        "desc_price": null,
        "temp_id": null,
        "tsv_title_brand": "'appl':1 'cinnamon':2 'good':6 'granola':3 'made':5 'mini':4",
        "count": 0,
        "cart": false
    },
    {
        "id": "7075013",
        "category": "Natural and Organic",
        "storeID": "4429",
        "productID": "21102907_EA",
        "title": "Peanut Butter Chocolate Bar",
        "brand": "LoveGoodFats",
        "regprice": null,
        "saleprice": "$2.99",
        "wasprice": "$3.49",
        "sale": "SAVE $0.50",
        "image": "https://assets.shop.loblaws.ca/products/21102907/b3/en/front/21102907_front_a06_@2.png",
        "point": null,
        "stock": null,
        "weight": "39 g, $7.67/100g",
        "last_update": "2024-11-20",
        "storetype": "Loblaws",
        "member_price": null,
        "non_member_price": null,
        "desc_price": null,
        "temp_id": null,
        "tsv_title_brand": "'bar':4 'butter':2 'chocol':3 'lovegoodfat':5 'peanut':1",
        "count": 0,
        "cart": false
    },
    {
        "id": "7075072",
        "category": "Bakery",
        "storeID": "4429",
        "productID": "20132458_EA",
        "title": "Sourdough Bread Boule",
        "brand": null,
        "regprice": null,
        "saleprice": "$4.00",
        "wasprice": "$4.99",
        "sale": "SAVE $0.99",
        "image": "https://assets.shop.loblaws.ca/products/20132458/b3/en/front/20132458_front_a06_@2.png",
        "point": null,
        "stock": null,
        "weight": "675 g, $0.59/100g",
        "last_update": "2024-11-20",
        "storetype": "Loblaws",
        "member_price": null,
        "non_member_price": null,
        "desc_price": null,
        "temp_id": null,
        "tsv_title_brand": "'boul':3 'bread':2 'sourdough':1",
        "count": 0,
        "cart": false
    },
    {
        "id": "7075077",
        "category": "Bakery",
        "storeID": "4429",
        "productID": "21047070_EA",
        "title": "Organic Multigrain Sprouted Bread",
        "brand": "Silver Hills",
        "regprice": null,
        "saleprice": "$5.99",
        "wasprice": "$6.49",
        "sale": "SAVE $0.50",
        "image": "https://assets.shop.loblaws.ca/products/21047070/b3/en/front/21047070_front_a06_@2.png",
        "point": null,
        "stock": null,
        "weight": "680 g, $0.88/100g",
        "last_update": "2024-11-20",
        "storetype": "Loblaws",
        "member_price": "Prepared in Canada",
        "non_member_price": null,
        "desc_price": null,
        "temp_id": null,
        "tsv_title_brand": "'bread':4 'hill':6 'multigrain':2 'organ':1 'silver':5 'sprout':3",
        "count": 0,
        "cart": false
    },
    {
        "id": "7067196",
        "category": "Pantry",
        "storeID": "4429",
        "productID": "21154221_EA",
        "title": "Shirataki Pasta Penne with Oat",
        "brand": "LIVIVA",
        "regprice": null,
        "saleprice": "$4.99",
        "wasprice": "$5.99",
        "sale": "SAVE $1.00",
        "image": "https://assets.shop.loblaws.ca/products/21154221/b3/en/front/21154221_front_a06_@2.png",
        "point": null,
        "stock": null,
        "weight": "400 g, $1.25/100g",
        "last_update": "2024-11-20",
        "storetype": "Loblaws",
        "member_price": null,
        "non_member_price": null,
        "desc_price": null,
        "temp_id": null,
        "tsv_title_brand": "'liviva':6 'oat':5 'pasta':2 'penn':3 'shirataki':1",
        "count": 0,
        "cart": false
    },
    {
        "id": "7067184",
        "category": "Pantry",
        "storeID": "4429",
        "productID": "21154070_EA",
        "title": "Shirataki Pasta Rice with Oat",
        "brand": "LIVIVA",
        "regprice": null,
        "saleprice": "$4.99",
        "wasprice": "$5.99",
        "sale": "SAVE $1.00",
        "image": "https://assets.shop.loblaws.ca/products/21154070/b3/en/front/21154070_front_a06_@2.png",
        "point": null,
        "stock": null,
        "weight": "400 g, $1.25/100g",
        "last_update": "2024-11-20",
        "storetype": "Loblaws",
        "member_price": null,
        "non_member_price": null,
        "desc_price": null,
        "temp_id": null,
        "tsv_title_brand": "'liviva':6 'oat':5 'pasta':2 'rice':3 'shirataki':1",
        "count": 0,
        "cart": false
    },
    {
        "id": "7067090",
        "category": "Pantry",
        "storeID": "4429",
        "productID": "20305535006_EA",
        "title": "Organic Soup, Vegetable Barley",
        "brand": "Amys",
        "regprice": null,
        "saleprice": "$4.99",
        "wasprice": "$5.49",
        "sale": "SAVE $0.50",
        "image": "https://assets.shop.loblaws.ca/products/20305535006/b3/en/front/20305535006_front_a06_@2.png",
        "point": null,
        "stock": null,
        "weight": "398 ml, $1.25/100ml",
        "last_update": "2024-11-20",
        "storetype": "Loblaws",
        "member_price": null,
        "non_member_price": null,
        "desc_price": null,
        "temp_id": null,
        "tsv_title_brand": "'ami':5 'barley':4 'organ':1 'soup':2 'veget':3",
        "count": 0,
        "cart": false
    },
    {
        "id": "7067195",
        "category": "Pantry",
        "storeID": "4429",
        "productID": "20305535009_EA",
        "title": "Organic Soup, Lentil Vegetable",
        "brand": "Amys",
        "regprice": null,
        "saleprice": "$4.99",
        "wasprice": "$5.49",
        "sale": "SAVE $0.50",
        "image": "https://assets.shop.loblaws.ca/products/20305535009/b3/en/front/20305535009_front_a06_@2.png",
        "point": null,
        "stock": null,
        "weight": "398 ml, $1.25/100ml",
        "last_update": "2024-11-20",
        "storetype": "Loblaws",
        "member_price": null,
        "non_member_price": null,
        "desc_price": null,
        "temp_id": null,
        "tsv_title_brand": "'ami':5 'lentil':3 'organ':1 'soup':2 'veget':4",
        "count": 0,
        "cart": false
    },
    {
        "id": "7067102",
        "category": "Pantry",
        "storeID": "4429",
        "productID": "21548874_EA",
        "title": "Bone Broth Turmeric Ginger Organic",
        "brand": "Kettle",
        "regprice": null,
        "saleprice": "$10.99",
        "wasprice": "$12.99",
        "sale": "SAVE $2.00",
        "image": "https://assets.shop.loblaws.ca/products/21548874/b3/en/front/21548874_front_a06_@2.png",
        "point": null,
        "stock": null,
        "weight": "454 ml, $2.42/100ml",
        "last_update": "2024-11-20",
        "storetype": "Loblaws",
        "member_price": null,
        "non_member_price": null,
        "desc_price": null,
        "temp_id": null,
        "tsv_title_brand": "'bone':1 'broth':2 'ginger':4 'kettl':6 'organ':5 'turmer':3",
        "count": 0,
        "cart": false
    },
    {
        "id": "7067187",
        "category": "Pantry",
        "storeID": "4429",
        "productID": "20305535007_EA",
        "title": "Organic Soup, Alphabet",
        "brand": "Amys",
        "regprice": null,
        "saleprice": "$4.99",
        "wasprice": "$5.49",
        "sale": "SAVE $0.50",
        "image": "https://assets.shop.loblaws.ca/products/20305535007/b3/en/front/20305535007_front_a06_@2.png",
        "point": null,
        "stock": null,
        "weight": "398 ml, $1.25/100ml",
        "last_update": "2024-11-20",
        "storetype": "Loblaws",
        "member_price": null,
        "non_member_price": null,
        "desc_price": null,
        "temp_id": null,
        "tsv_title_brand": "'alphabet':3 'ami':4 'organ':1 'soup':2",
        "count": 0,
        "cart": false
    },
    {
        "id": "7067189",
        "category": "Pantry",
        "storeID": "4429",
        "productID": "20939614_EA",
        "title": "Alfredo Flavour Plant-Based Deluxe Mac & Cheeze",
        "brand": "Daiya",
        "regprice": null,
        "saleprice": "$5.99",
        "wasprice": "$6.49",
        "sale": "SAVE $0.50",
        "image": "https://assets.shop.loblaws.ca/products/20939614/b3/en/front/20939614_front_a06_@2.png",
        "point": null,
        "stock": null,
        "weight": "300 g, $2.00/100g",
        "last_update": "2024-11-20",
        "storetype": "Loblaws",
        "member_price": null,
        "non_member_price": null,
        "desc_price": null,
        "temp_id": null,
        "tsv_title_brand": "'alfredo':1 'base':5 'cheez':8 'daiya':9 'delux':6 'flavour':2 'mac':7 'plant':4 'plant-bas':3",
        "count": 0,
        "cart": false
    },
    {
        "id": "7067272",
        "category": "Pantry",
        "storeID": "4429",
        "productID": "21191534_EA",
        "title": "Chickpea Fusilli",
        "brand": "Explore Cuisine",
        "regprice": null,
        "saleprice": "$6.49",
        "wasprice": "$6.99",
        "sale": "SAVE $0.50",
        "image": "https://assets.shop.loblaws.ca/products/21191534/b3/en/front/21191534_front_a06_@2.png",
        "point": null,
        "stock": null,
        "weight": "227 g, $2.86/100g",
        "last_update": "2024-11-20",
        "storetype": "Loblaws",
        "member_price": null,
        "non_member_price": null,
        "desc_price": null,
        "temp_id": null,
        "tsv_title_brand": "'chickpea':1 'cuisin':4 'explor':3 'fusilli':2",
        "count": 0,
        "cart": false
    },
    {
        "id": "7067186",
        "category": "Pantry",
        "storeID": "4429",
        "productID": "20732324001_EA",
        "title": "Rice & Quinoa Fusilli Pasta",
        "brand": "GoGo Quinoa",
        "regprice": null,
        "saleprice": "$3.99",
        "wasprice": "$5.49",
        "sale": "SAVE $1.50",
        "image": "https://assets.shop.loblaws.ca/products/20732324001/b3/en/front/20732324001_front_a06_@2.png",
        "point": null,
        "stock": null,
        "weight": "227 g, $1.76/100g",
        "last_update": "2024-11-20",
        "storetype": "Loblaws",
        "member_price": null,
        "non_member_price": null,
        "desc_price": null,
        "temp_id": null,
        "tsv_title_brand": "'fusilli':3 'gogo':5 'pasta':4 'quinoa':2,6 'rice':1",
        "count": 0,
        "cart": false
    },
    {
        "id": "7067194",
        "category": "Pantry",
        "storeID": "4429",
        "productID": "20305535004_EA",
        "title": "Organic Soup, Split Pea",
        "brand": "Amys",
        "regprice": null,
        "saleprice": "$4.99",
        "wasprice": "$5.49",
        "sale": "SAVE $0.50",
        "image": "https://assets.shop.loblaws.ca/products/20305535004/b3/en/front/20305535004_front_a06_@2.png",
        "point": null,
        "stock": null,
        "weight": "398 ml, $1.25/100ml",
        "last_update": "2024-11-20",
        "storetype": "Loblaws",
        "member_price": null,
        "non_member_price": null,
        "desc_price": null,
        "temp_id": null,
        "tsv_title_brand": "'ami':5 'organ':1 'pea':4 'soup':2 'split':3",
        "count": 0,
        "cart": false
    },
    {
        "id": "7066897",
        "category": "Pantry",
        "storeID": "4429",
        "productID": "21548802_EA",
        "title": "Bone Broth Classic Beef",
        "brand": "Kettle",
        "regprice": null,
        "saleprice": "$10.99",
        "wasprice": "$12.99",
        "sale": "SAVE $2.00",
        "image": "https://assets.shop.loblaws.ca/products/21548802/b3/en/front/21548802_front_a06_@2.png",
        "point": null,
        "stock": null,
        "weight": "454 ml, $2.42/100ml",
        "last_update": "2024-11-20",
        "storetype": "Loblaws",
        "member_price": null,
        "non_member_price": null,
        "desc_price": null,
        "temp_id": null,
        "tsv_title_brand": "'beef':4 'bone':1 'broth':2 'classic':3 'kettl':5",
        "count": 0,
        "cart": false
    },
    {
        "id": "7067005",
        "category": "Pantry",
        "storeID": "4429",
        "productID": "20726968002_EA",
        "title": "Garlic Primavera Risotto",
        "brand": "Lundberg",
        "regprice": null,
        "saleprice": "$5.49",
        "wasprice": "$5.99",
        "sale": "SAVE $0.50",
        "image": "https://assets.shop.loblaws.ca/products/20726968002/b3/en/front/20726968002_front_a06_@2.png",
        "point": null,
        "stock": null,
        "weight": "156 g, $3.52/100g",
        "last_update": "2024-11-20",
        "storetype": "Loblaws",
        "member_price": null,
        "non_member_price": null,
        "desc_price": null,
        "temp_id": null,
        "tsv_title_brand": "'garlic':1 'lundberg':4 'primavera':2 'risotto':3",
        "count": 0,
        "cart": false
    },
    {
        "id": "7065416",
        "category": "Pantry",
        "storeID": "4429",
        "productID": "20430044_EA",
        "title": "Cacao Nibs",
        "brand": "Organic Traditions",
        "regprice": null,
        "saleprice": "$9.99",
        "wasprice": "$11.99",
        "sale": "SAVE $2.00",
        "image": "https://assets.shop.loblaws.ca/products/20430044/b3/en/front/20430044_front_a06_@2.png",
        "point": null,
        "stock": null,
        "weight": "227 g, $4.40/100g",
        "last_update": "2024-11-20",
        "storetype": "Loblaws",
        "member_price": null,
        "non_member_price": null,
        "desc_price": null,
        "temp_id": null,
        "tsv_title_brand": "'cacao':1 'nib':2 'organ':3 'tradit':4",
        "count": 0,
        "cart": false
    },
    {
        "id": "7065537",
        "category": "Pantry",
        "storeID": "4429",
        "productID": "20985771_EA",
        "title": "Organic Sunflower Seeds",
        "brand": "Elan",
        "regprice": null,
        "saleprice": "$2.49",
        "wasprice": "$3.29",
        "sale": "SAVE $0.80",
        "image": "https://assets.shop.loblaws.ca/products/20985771/b3/en/front/20985771_front_a06_@2.png",
        "point": null,
        "stock": null,
        "weight": "175 g, $1.42/100g",
        "last_update": "2024-11-20",
        "storetype": "Loblaws",
        "member_price": null,
        "non_member_price": null,
        "desc_price": null,
        "temp_id": null,
        "tsv_title_brand": "'elan':4 'organ':1 'seed':3 'sunflow':2",
        "count": 0,
        "cart": false
    },
    {
        "id": "7065419",
        "category": "Pantry",
        "storeID": "4429",
        "productID": "21334660_EA",
        "title": "Whole Black Chia and Flax",
        "brand": "Prana",
        "regprice": null,
        "saleprice": "$5.99",
        "wasprice": "$7.99",
        "sale": "SAVE $2.00",
        "image": "https://assets.shop.loblaws.ca/products/21334660/b3/en/front/21334660_front_a06_@2.png",
        "point": null,
        "stock": null,
        "weight": "225 g, $2.66/100g",
        "last_update": "2024-11-20",
        "storetype": "Loblaws",
        "member_price": null,
        "non_member_price": null,
        "desc_price": null,
        "temp_id": null,
        "tsv_title_brand": "'black':2 'chia':3 'flax':5 'prana':6 'whole':1",
        "count": 0,
        "cart": false
    },
    {
        "id": "7074607",
        "category": "Natural and Organic",
        "storeID": "4429",
        "productID": "21596279_EA",
        "title": "Organic Green Peas",
        "brand": "Bioitalia",
        "regprice": null,
        "saleprice": "$2.99",
        "wasprice": "$3.29",
        "sale": "SAVE $0.30",
        "image": "https://assets.shop.loblaws.ca/products/21596279/b3/en/front/21596279_front_a06_@2.png",
        "point": null,
        "stock": null,
        "weight": "398 ml, $0.75/100ml",
        "last_update": "2024-11-20",
        "storetype": "Loblaws",
        "member_price": null,
        "non_member_price": null,
        "desc_price": null,
        "temp_id": null,
        "tsv_title_brand": "'bioitalia':4 'green':2 'organ':1 'pea':3",
        "count": 0,
        "cart": false
    },
    {
        "id": "7065317",
        "category": "Pantry",
        "storeID": "4429",
        "productID": "21195390_EA",
        "title": "Dried Cranberries",
        "brand": "PC Organics",
        "regprice": null,
        "saleprice": "$8.54",
        "wasprice": "$9.49",
        "sale": "SAVE $0.95",
        "image": "https://assets.shop.loblaws.ca/products/21195390/b3/en/front/21195390_front_a06_@2.png",
        "point": null,
        "stock": null,
        "weight": "250 g, $3.42/100g",
        "last_update": "2024-11-20",
        "storetype": "Loblaws",
        "member_price": null,
        "non_member_price": null,
        "desc_price": null,
        "temp_id": null,
        "tsv_title_brand": "'cranberri':2 'dri':1 'organ':4 'pc':3",
        "count": 0,
        "cart": false
    },
    {
        "id": "7065432",
        "category": "Pantry",
        "storeID": "4429",
        "productID": "21163289_EA",
        "title": "Organic Jumbo Raisins Canister",
        "brand": "PC Organics",
        "regprice": null,
        "saleprice": "$8.09",
        "wasprice": "$8.99",
        "sale": "SAVE $0.90",
        "image": "https://assets.shop.loblaws.ca/products/21163289/b3/en/front/21163289_front_a06_@2.png",
        "point": null,
        "stock": null,
        "weight": "425 g, $1.90/100g",
        "last_update": "2024-11-20",
        "storetype": "Loblaws",
        "member_price": null,
        "non_member_price": null,
        "desc_price": null,
        "temp_id": null,
        "tsv_title_brand": "'canist':4 'jumbo':2 'organ':1,6 'pc':5 'raisin':3",
        "count": 0,
        "cart": false
    },
    {
        "id": "7065013",
        "category": "Pantry",
        "storeID": "4429",
        "productID": "21077670_EA",
        "title": "Organic Chopped Tomatoes",
        "brand": "Bioitalia",
        "regprice": null,
        "saleprice": "$3.29",
        "wasprice": "$3.79",
        "sale": "SAVE $0.50",
        "image": "https://assets.shop.loblaws.ca/products/21077670/b3/en/front/21077670_front_a06_@2.png",
        "point": null,
        "stock": null,
        "weight": "398 ml, $0.83/100ml",
        "last_update": "2024-11-20",
        "storetype": "Loblaws",
        "member_price": null,
        "non_member_price": null,
        "desc_price": null,
        "temp_id": null,
        "tsv_title_brand": "'bioitalia':4 'chop':2 'organ':1 'tomato':3",
        "count": 0,
        "cart": false
    },
    {
        "id": "7066380",
        "category": "Pantry",
        "storeID": "4429",
        "productID": "20893349_EA",
        "title": "Organics Coconut Oil",
        "brand": "PC Organics",
        "regprice": null,
        "saleprice": "$15.99",
        "wasprice": "$17.99",
        "sale": "SAVE $2.00",
        "image": "https://assets.shop.loblaws.ca/products/20893349/b3/en/front/20893349_front_a06_@2.png",
        "point": null,
        "stock": null,
        "weight": "860 ml, $1.86/100ml",
        "last_update": "2024-11-20",
        "storetype": "Loblaws",
        "member_price": null,
        "non_member_price": null,
        "desc_price": null,
        "temp_id": null,
        "tsv_title_brand": "'coconut':2 'oil':3 'organ':1,5 'pc':4",
        "count": 0,
        "cart": false
    },
    {
        "id": "7065431",
        "category": "Pantry",
        "storeID": "4429",
        "productID": "21195403_EA",
        "title": "Dried Mango",
        "brand": "PC Organics",
        "regprice": null,
        "saleprice": "$9.89",
        "wasprice": "$10.99",
        "sale": "SAVE $1.10",
        "image": "https://assets.shop.loblaws.ca/products/21195403/b3/en/front/21195403_front_a06_@2.png",
        "point": null,
        "stock": null,
        "weight": "150 g, $6.59/100g",
        "last_update": "2024-11-20",
        "storetype": "Loblaws",
        "member_price": null,
        "non_member_price": null,
        "desc_price": null,
        "temp_id": null,
        "tsv_title_brand": "'dri':1 'mango':2 'organ':4 'pc':3",
        "count": 0,
        "cart": false
    },
    {
        "id": "7064718",
        "category": "Pantry",
        "storeID": "4429",
        "productID": "21122805_EA",
        "title": "Organic Lentils",
        "brand": "Bioitalia",
        "regprice": null,
        "saleprice": "$3.29",
        "wasprice": "$3.49",
        "sale": "SAVE $0.20",
        "image": "https://assets.shop.loblaws.ca/products/21122805/b3/en/front/21122805_front_a06_@2.png",
        "point": null,
        "stock": null,
        "weight": "398 ml, $0.83/100ml",
        "last_update": "2024-11-20",
        "storetype": "Loblaws",
        "member_price": null,
        "non_member_price": null,
        "desc_price": null,
        "temp_id": null,
        "tsv_title_brand": "'bioitalia':3 'lentil':2 'organ':1",
        "count": 0,
        "cart": false
    },
    {
        "id": "7066344",
        "category": "Pantry",
        "storeID": "4429",
        "productID": "20302485001_EA",
        "title": "Organic Aged Red Wine Vinegar",
        "brand": "PC Organics",
        "regprice": null,
        "saleprice": "$5.29",
        "wasprice": "$5.99",
        "sale": "SAVE $0.70",
        "image": "https://assets.shop.loblaws.ca/products/20302485001/b3/en/front/20302485001_front_a06_@2.png",
        "point": null,
        "stock": null,
        "weight": "500 ml, $1.06/100ml",
        "last_update": "2024-11-20",
        "storetype": "Loblaws",
        "member_price": null,
        "non_member_price": null,
        "desc_price": null,
        "temp_id": null,
        "tsv_title_brand": "'age':2 'organ':1,7 'pc':6 'red':3 'vinegar':5 'wine':4",
        "count": 0,
        "cart": false
    },
    {
        "id": "7066375",
        "category": "Pantry",
        "storeID": "4429",
        "productID": "20840927_EA",
        "title": "Organic Balsamic Vinegar Of Modena",
        "brand": "PC Organics",
        "regprice": null,
        "saleprice": "$5.29",
        "wasprice": "$6.49",
        "sale": "SAVE $1.20",
        "image": "https://assets.shop.loblaws.ca/products/20840927/b3/en/front/20840927_front_a06_@2.png",
        "point": null,
        "stock": null,
        "weight": "500 ml, $1.06/100ml",
        "last_update": "2024-11-20",
        "storetype": "Loblaws",
        "member_price": null,
        "non_member_price": null,
        "desc_price": null,
        "temp_id": null,
        "tsv_title_brand": "'balsam':2 'modena':5 'organ':1,7 'pc':6 'vinegar':3",
        "count": 0,
        "cart": false
    },
    {
        "id": "7074808",
        "category": "Natural and Organic",
        "storeID": "4429",
        "productID": "20031362002_C16",
        "title": "Fruit & Nut Energy Bar, Cashew, 16/pack",
        "brand": "Larabar",
        "regprice": null,
        "saleprice": "$21.99",
        "wasprice": "$28.99",
        "sale": "SAVE $7.00",
        "image": "https://assets.shop.loblaws.ca/products/20031362002/b3/en/front/20031362002_front_a06_@2.png",
        "point": null,
        "stock": null,
        "weight": "16x48.0 g, $2.86/100g",
        "last_update": "2024-11-20",
        "storetype": "Loblaws",
        "member_price": null,
        "non_member_price": null,
        "desc_price": null,
        "temp_id": null,
        "tsv_title_brand": "'16/pack':6 'bar':4 'cashew':5 'energi':3 'fruit':1 'larabar':7 'nut':2",
        "count": 0,
        "cart": false
    },
    {
        "id": "7064964",
        "category": "Pantry",
        "storeID": "4429",
        "productID": "21596354_EA",
        "title": "Organic Whole Kernel Corn",
        "brand": "Bioitalia",
        "regprice": null,
        "saleprice": "$3.99",
        "wasprice": "$4.49",
        "sale": "SAVE $0.50",
        "image": "https://assets.shop.loblaws.ca/products/21596354/b3/en/front/21596354_front_a06_@2.png",
        "point": null,
        "stock": null,
        "weight": "340 ml, $1.17/100ml",
        "last_update": "2024-11-20",
        "storetype": "Loblaws",
        "member_price": null,
        "non_member_price": null,
        "desc_price": null,
        "temp_id": null,
        "tsv_title_brand": "'bioitalia':5 'corn':4 'kernel':3 'organ':1 'whole':2",
        "count": 0,
        "cart": false
    },
    {
        "id": "7069430",
        "category": "Snacks, Chips & Candy",
        "storeID": "4429",
        "productID": "21425468_EA",
        "title": "Blueberry Morning Bars",
        "brand": "Made Good",
        "regprice": null,
        "saleprice": "$3.00",
        "wasprice": "$3.99",
        "sale": "SAVE $0.99",
        "image": "https://assets.shop.loblaws.ca/products/21425468/b3/en/front/21425468_front_a06_@2.png",
        "point": null,
        "stock": null,
        "weight": "150 g, $2.00/100g",
        "last_update": "2024-11-20",
        "storetype": "Loblaws",
        "member_price": null,
        "non_member_price": null,
        "desc_price": null,
        "temp_id": null,
        "tsv_title_brand": "'bar':3 'blueberri':1 'good':5 'made':4 'morn':2",
        "count": 0,
        "cart": false
    },
    {
        "id": "7069146",
        "category": "Snacks, Chips & Candy",
        "storeID": "4429",
        "productID": "21351751_EA",
        "title": "Strawberry Granola Minis",
        "brand": "Made Good",
        "regprice": null,
        "saleprice": "$3.00",
        "wasprice": "$3.99",
        "sale": "SAVE $0.99",
        "image": "https://assets.shop.loblaws.ca/products/21351751/b3/en/front/21351751_front_a06_@2.png",
        "point": null,
        "stock": null,
        "weight": "24 g, $12.50/100g",
        "last_update": "2024-11-20",
        "storetype": "Loblaws",
        "member_price": null,
        "non_member_price": null,
        "desc_price": null,
        "temp_id": null,
        "tsv_title_brand": "'good':5 'granola':2 'made':4 'mini':3 'strawberri':1",
        "count": 0,
        "cart": false
    },
    {
        "id": "7074815",
        "category": "Natural and Organic",
        "storeID": "4429",
        "productID": "21207477_EA",
        "title": "Lemon Mousse",
        "brand": "LoveGoodFats",
        "regprice": null,
        "saleprice": "$2.99",
        "wasprice": "$3.49",
        "sale": "SAVE $0.50",
        "image": "https://assets.shop.loblaws.ca/products/21207477/b3/en/front/21207477_front_a06_@2.png",
        "point": null,
        "stock": null,
        "weight": "39 g, $7.67/100g",
        "last_update": "2024-11-20",
        "storetype": "Loblaws",
        "member_price": null,
        "non_member_price": null,
        "desc_price": null,
        "temp_id": null,
        "tsv_title_brand": "'lemon':1 'lovegoodfat':3 'mouss':2",
        "count": 0,
        "cart": false
    },
    {
        "id": "7069385",
        "category": "Snacks, Chips & Candy",
        "storeID": "4429",
        "productID": "21541074_EA",
        "title": "Protein Bar, Plant Protein, Chocolate Chip Cookie Dough Flavoured 6-pack",
        "brand": "CLIF",
        "regprice": null,
        "saleprice": "$14.99",
        "wasprice": "$16.99",
        "sale": "SAVE $2.00",
        "image": "https://assets.shop.loblaws.ca/products/21541074/b3/en/front/21541074_front_a06_@2.png",
        "point": null,
        "stock": null,
        "weight": "408 g, $22.04/100g",
        "last_update": "2024-11-20",
        "storetype": "Loblaws",
        "member_price": null,
        "non_member_price": null,
        "desc_price": null,
        "temp_id": null,
        "tsv_title_brand": "'6':10 'bar':2 'chip':6 'chocol':5 'clif':12 'cooki':7 'dough':8 'flavour':9 'pack':11 'plant':3 'protein':1,4",
        "count": 0,
        "cart": false
    },
    {
        "id": "7069474",
        "category": "Snacks, Chips & Candy",
        "storeID": "4429",
        "productID": "20927046_EA",
        "title": "Strawberry Granola Bars",
        "brand": "Made Good",
        "regprice": null,
        "saleprice": "$3.00",
        "wasprice": "$3.99",
        "sale": "SAVE $0.99",
        "image": "https://assets.shop.loblaws.ca/products/20927046/b3/en/front/20927046_front_a06_@2.png",
        "point": null,
        "stock": null,
        "weight": "5x120.0 g, $0.50/100g",
        "last_update": "2024-11-20",
        "storetype": "Loblaws",
        "member_price": "Prepared in Canada",
        "non_member_price": null,
        "desc_price": null,
        "temp_id": null,
        "tsv_title_brand": "'bar':3 'good':5 'granola':2 'made':4 'strawberri':1",
        "count": 0,
        "cart": false
    },
    {
        "id": "7069426",
        "category": "Snacks, Chips & Candy",
        "storeID": "4429",
        "productID": "21062407_EA",
        "title": "Chocolate Chip Crispy Squares",
        "brand": "Made Good",
        "regprice": null,
        "saleprice": "$3.00",
        "wasprice": "$3.99",
        "sale": "SAVE $0.99",
        "image": "https://assets.shop.loblaws.ca/products/21062407/b3/en/front/21062407_front_a06_@2.png",
        "point": null,
        "stock": null,
        "weight": "132 g, $2.27/100g",
        "last_update": "2024-11-20",
        "storetype": "Loblaws",
        "member_price": null,
        "non_member_price": null,
        "desc_price": null,
        "temp_id": null,
        "tsv_title_brand": "'chip':2 'chocol':1 'crispi':3 'good':6 'made':5 'squar':4",
        "count": 0,
        "cart": false
    },
    {
        "id": "7074812",
        "category": "Natural and Organic",
        "storeID": "4429",
        "productID": "20031362007_C16",
        "title": "Fruit & Nut Energy Bar, Peanut Butter Chocolate Chip, 16/pack",
        "brand": "Larabar",
        "regprice": null,
        "saleprice": "$21.99",
        "wasprice": "$28.99",
        "sale": "SAVE $7.00",
        "image": "https://assets.shop.loblaws.ca/products/20031362007/b3/en/front/20031362007_front_a06_@2.png",
        "point": null,
        "stock": null,
        "weight": "16x45.0 g, $3.05/100g",
        "last_update": "2024-11-20",
        "storetype": "Loblaws",
        "member_price": null,
        "non_member_price": null,
        "desc_price": null,
        "temp_id": null,
        "tsv_title_brand": "'16/pack':9 'bar':4 'butter':6 'chip':8 'chocol':7 'energi':3 'fruit':1 'larabar':10 'nut':2 'peanut':5",
        "count": 0,
        "cart": false
    },
    {
        "id": "7075078",
        "category": "Bakery",
        "storeID": "4429",
        "productID": "20653517_EA",
        "title": "Pumpernickel Bread Boule, Unsliced",
        "brand": null,
        "regprice": null,
        "saleprice": "$4.00",
        "wasprice": "$4.99",
        "sale": "SAVE $0.99",
        "image": "https://assets.shop.loblaws.ca/products/20653517/b3/en/front/20653517_front_a06_@2.png",
        "point": null,
        "stock": null,
        "weight": "675 g, $0.59/100g",
        "last_update": "2024-11-20",
        "storetype": "Loblaws",
        "member_price": "Prepared in Canada",
        "non_member_price": null,
        "desc_price": null,
        "temp_id": null,
        "tsv_title_brand": "'boul':3 'bread':2 'pumpernickel':1 'unslic':4",
        "count": 0,
        "cart": false
    },
    {
        "id": "7071677",
        "category": "Frozen Food",
        "storeID": "4429",
        "productID": "21100055_EA",
        "title": "Bread Whole Grain Gluten Free",
        "brand": "Little Northern Bakehouse",
        "regprice": null,
        "saleprice": "$6.99",
        "wasprice": "$7.99",
        "sale": "SAVE $1.00",
        "image": "https://assets.shop.loblaws.ca/products/21100055/b3/en/front/21100055_front_a06_@2.png",
        "point": null,
        "stock": null,
        "weight": "567 g, $1.23/100g",
        "last_update": "2024-11-20",
        "storetype": "Loblaws",
        "member_price": null,
        "non_member_price": null,
        "desc_price": null,
        "temp_id": null,
        "tsv_title_brand": "'bakehous':8 'bread':1 'free':5 'gluten':4 'grain':3 'littl':6 'northern':7 'whole':2",
        "count": 0,
        "cart": false
    },
    {
        "id": "7074827",
        "category": "Natural and Organic",
        "storeID": "4429",
        "productID": "20031362009_C16",
        "title": "Fruit & Nut Energy Bar, Chocolate Chip, 16/pack",
        "brand": "Larabar",
        "regprice": null,
        "saleprice": "$21.99",
        "wasprice": "$28.99",
        "sale": "SAVE $7.00",
        "image": "https://assets.shop.loblaws.ca/products/20031362009/b3/en/front/20031362009_front_a06_@2.png",
        "point": null,
        "stock": null,
        "weight": "16x48.0 g, $2.86/100g",
        "last_update": "2024-11-20",
        "storetype": "Loblaws",
        "member_price": null,
        "non_member_price": null,
        "desc_price": null,
        "temp_id": null,
        "tsv_title_brand": "'16/pack':7 'bar':4 'chip':6 'chocol':5 'energi':3 'fruit':1 'larabar':8 'nut':2",
        "count": 0,
        "cart": false
    },
    {
        "id": "7074938",
        "category": "Natural and Organic",
        "storeID": "4429",
        "productID": "21387622_EA",
        "title": "Mini Chococolate Mint Bar",
        "brand": "CLIF",
        "regprice": null,
        "saleprice": "$14.99",
        "wasprice": "$16.99",
        "sale": "SAVE $2.00",
        "image": "https://assets.shop.loblaws.ca/products/21387622/b3/en/front/21387622_front_a06_@2.png",
        "point": null,
        "stock": null,
        "weight": "340 g, $4.41/100g",
        "last_update": "2024-11-20",
        "storetype": "Loblaws",
        "member_price": null,
        "non_member_price": null,
        "desc_price": null,
        "temp_id": null,
        "tsv_title_brand": "'bar':4 'chococol':2 'clif':5 'mini':1 'mint':3",
        "count": 0,
        "cart": false
    },
    {
        "id": "7075865",
        "category": "Bakery",
        "storeID": "4429",
        "productID": "21313152_EA",
        "title": "Extra Crisp English Muffins",
        "brand": "No Name",
        "regprice": null,
        "saleprice": "$2.00",
        "wasprice": "$2.99",
        "sale": "SAVE $0.99",
        "image": "https://assets.shop.loblaws.ca/products/21313152/b3/en/front/21313152_front_a06_@2.png",
        "point": null,
        "stock": null,
        "weight": "390 g, $0.51/100g",
        "last_update": "2024-11-20",
        "storetype": "Loblaws",
        "member_price": null,
        "non_member_price": null,
        "desc_price": null,
        "temp_id": null,
        "tsv_title_brand": "'crisp':2 'english':3 'extra':1 'muffin':4 'name':6",
        "count": 0,
        "cart": false
    },
    {
        "id": "7069338",
        "category": "Snacks, Chips & Candy",
        "storeID": "4429",
        "productID": "21351868_EA",
        "title": "Chocolate Chip Granola Minis",
        "brand": "Made Good",
        "regprice": null,
        "saleprice": "$3.00",
        "wasprice": "$3.99",
        "sale": "SAVE $0.99",
        "image": "https://assets.shop.loblaws.ca/products/21351868/b3/en/front/21351868_front_a06_@2.png",
        "point": null,
        "stock": null,
        "weight": "24 g, $12.50/100g",
        "last_update": "2024-11-20",
        "storetype": "Loblaws",
        "member_price": null,
        "non_member_price": null,
        "desc_price": null,
        "temp_id": null,
        "tsv_title_brand": "'chip':2 'chocol':1 'good':6 'granola':3 'made':5 'mini':4",
        "count": 0,
        "cart": false
    },
    {
        "id": "7075860",
        "category": "Bakery",
        "storeID": "4429",
        "productID": "21622961_EA",
        "title": "Bagels Plain",
        "brand": "The Grain Escape",
        "regprice": null,
        "saleprice": "$5.99",
        "wasprice": "$6.99",
        "sale": "SAVE $1.00",
        "image": "https://assets.shop.loblaws.ca/products/21622961/b3/en/front/21622961_front_a06_@2.png",
        "point": null,
        "stock": null,
        "weight": "328 g, $1.83/100g",
        "last_update": "2024-11-20",
        "storetype": "Loblaws",
        "member_price": null,
        "non_member_price": null,
        "desc_price": null,
        "temp_id": null,
        "tsv_title_brand": "'bagel':1 'escap':5 'grain':4 'plain':2",
        "count": 0,
        "cart": false
    },
    {
        "id": "7075992",
        "category": "Bakery",
        "storeID": "4429",
        "productID": "21297475_EA",
        "title": "Apple Pie, 8 Inch",
        "brand": null,
        "regprice": null,
        "saleprice": "$6.00",
        "wasprice": "$6.99",
        "sale": "SAVE $0.99",
        "image": "https://assets.shop.loblaws.ca/products/21297475/b3/en/front/21297475_front_a06_@2.png",
        "point": null,
        "stock": null,
        "weight": "750 g, $0.80/100g",
        "last_update": "2024-11-20",
        "storetype": "Loblaws",
        "member_price": null,
        "non_member_price": null,
        "desc_price": null,
        "temp_id": null,
        "tsv_title_brand": "'8':3 'appl':1 'inch':4 'pie':2",
        "count": 0,
        "cart": false
    },
    {
        "id": "7071678",
        "category": "Frozen Food",
        "storeID": "4429",
        "productID": "21100057_EA",
        "title": "Delicious Gluten Free Loaf White Wide Slice",
        "brand": "Little Northern Bakehouse",
        "regprice": null,
        "saleprice": "$6.99",
        "wasprice": "$7.99",
        "sale": "SAVE $1.00",
        "image": "https://assets.shop.loblaws.ca/products/21100057/b3/en/front/21100057_front_a06_@2.png",
        "point": null,
        "stock": null,
        "weight": "567 g, $1.23/100g",
        "last_update": "2024-11-20",
        "storetype": "Loblaws",
        "member_price": null,
        "non_member_price": null,
        "desc_price": null,
        "temp_id": null,
        "tsv_title_brand": "'bakehous':10 'delici':1 'free':3 'gluten':2 'littl':8 'loaf':4 'northern':9 'slice':7 'white':5 'wide':6",
        "count": 0,
        "cart": false
    },
    {
        "id": "7075567",
        "category": "Bakery",
        "storeID": "4429",
        "productID": "21596355_EA",
        "title": "Ciabatta Piccola",
        "brand": "ACE",
        "regprice": null,
        "saleprice": "$6.99",
        "wasprice": "$7.49",
        "sale": "SAVE $0.50",
        "image": "https://assets.shop.loblaws.ca/products/21596355/b3/en/front/21596355_front_a06_@2.png",
        "point": null,
        "stock": null,
        "weight": "840 g, $0.83/100g",
        "last_update": "2024-11-20",
        "storetype": "Loblaws",
        "member_price": null,
        "non_member_price": null,
        "desc_price": null,
        "temp_id": null,
        "tsv_title_brand": "'ace':3 'ciabatta':1 'piccola':2",
        "count": 0,
        "cart": false
    },
    {
        "id": "7075574",
        "category": "Bakery",
        "storeID": "4429",
        "productID": "21596323_EA",
        "title": "Ciabatta Pezzetti Duo",
        "brand": "ACE",
        "regprice": null,
        "saleprice": "$6.99",
        "wasprice": "$7.49",
        "sale": "SAVE $0.50",
        "image": "https://assets.shop.loblaws.ca/products/21596323/b3/en/front/21596323_front_a06_@2.png",
        "point": null,
        "stock": null,
        "weight": "700 g, $1.00/100g",
        "last_update": "2024-11-20",
        "storetype": "Loblaws",
        "member_price": null,
        "non_member_price": null,
        "desc_price": null,
        "temp_id": null,
        "tsv_title_brand": "'ace':4 'ciabatta':1 'duo':3 'pezzetti':2",
        "count": 0,
        "cart": false
    },
    {
        "id": "7072133",
        "category": "Frozen Food",
        "storeID": "4429",
        "productID": "20305400_EA",
        "title": "Wild Blueberry-Topped New York-Style Cheesecake",
        "brand": "President's Choice",
        "regprice": null,
        "saleprice": "$10.99",
        "wasprice": "$11.49",
        "sale": "SAVE $0.50",
        "image": "https://assets.shop.loblaws.ca/products/20305400/b3/en/front/20305400_front_a06_@2.png",
        "point": null,
        "stock": null,
        "weight": "600 g, $1.83/100g",
        "last_update": "2024-11-20",
        "storetype": "Loblaws",
        "member_price": null,
        "non_member_price": null,
        "desc_price": null,
        "temp_id": null,
        "tsv_title_brand": "'blueberri':3 'blueberry-top':2 'cheesecak':9 'choic':12 'new':5 'presid':10 'style':8 'top':4 'wild':1 'york':7 'york-styl':6",
        "count": 0,
        "cart": false
    },
    {
        "id": "7072207",
        "category": "Frozen Food",
        "storeID": "4429",
        "productID": "20599530_EA",
        "title": "Sliced Cheesecake Selection, 12 slices",
        "brand": "President's Choice",
        "regprice": null,
        "saleprice": "$18.99",
        "wasprice": "$22.00",
        "sale": "SAVE $3.01",
        "image": "https://assets.shop.loblaws.ca/products/20599530/b3/en/front/20599530_front_a06_@2.png",
        "point": null,
        "stock": null,
        "weight": "1 kg, $1.90/100g",
        "last_update": "2024-11-20",
        "storetype": "Loblaws",
        "member_price": null,
        "non_member_price": null,
        "desc_price": null,
        "temp_id": null,
        "tsv_title_brand": "'12':4 'cheesecak':2 'choic':8 'presid':6 'select':3 'slice':1,5",
        "count": 0,
        "cart": false
    },
    {
        "id": "7075859",
        "category": "Bakery",
        "storeID": "4429",
        "productID": "21313119_EA",
        "title": "Original English Muffins",
        "brand": "No Name",
        "regprice": null,
        "saleprice": "$2.00",
        "wasprice": "$2.99",
        "sale": "SAVE $0.99",
        "image": "https://assets.shop.loblaws.ca/products/21313119/b3/en/front/21313119_front_a06_@2.png",
        "point": null,
        "stock": null,
        "weight": "390 g, $0.51/100g",
        "last_update": "2024-11-20",
        "storetype": "Loblaws",
        "member_price": null,
        "non_member_price": null,
        "desc_price": null,
        "temp_id": null,
        "tsv_title_brand": "'english':2 'muffin':3 'name':5 'origin':1",
        "count": 0,
        "cart": false
    },
    {
        "id": "7076086",
        "category": "Bakery",
        "storeID": "4429",
        "productID": "21297474_EA",
        "title": "Pumpkin Pie, 8 Inch",
        "brand": null,
        "regprice": null,
        "saleprice": "$6.00",
        "wasprice": "$6.99",
        "sale": "SAVE $0.99",
        "image": "https://assets.shop.loblaws.ca/products/21297474/b3/en/front/21297474_front_a06_@2.png",
        "point": null,
        "stock": null,
        "weight": "680 g, $0.88/100g",
        "last_update": "2024-11-20",
        "storetype": "Loblaws",
        "member_price": null,
        "non_member_price": null,
        "desc_price": null,
        "temp_id": null,
        "tsv_title_brand": "'8':3 'inch':4 'pie':2 'pumpkin':1",
        "count": 0,
        "cart": false
    },
    {
        "id": "7075993",
        "category": "Bakery",
        "storeID": "4429",
        "productID": "21297471_EA",
        "title": "Blueberry Pie, 8 Inch",
        "brand": null,
        "regprice": null,
        "saleprice": "$6.00",
        "wasprice": "$6.99",
        "sale": "SAVE $0.99",
        "image": "https://assets.shop.loblaws.ca/products/21297471/b3/en/front/21297471_front_a06_@2.png",
        "point": null,
        "stock": null,
        "weight": "680 g, $0.88/100g",
        "last_update": "2024-11-20",
        "storetype": "Loblaws",
        "member_price": null,
        "non_member_price": null,
        "desc_price": null,
        "temp_id": null,
        "tsv_title_brand": "'8':3 'blueberri':1 'inch':4 'pie':2",
        "count": 0,
        "cart": false
    },
    {
        "id": "7076039",
        "category": "Bakery",
        "storeID": "4429",
        "productID": "21353343_EA",
        "title": "8\" Lemon Meringue Pie",
        "brand": null,
        "regprice": null,
        "saleprice": "$6.00",
        "wasprice": "$6.99",
        "sale": "SAVE $0.99",
        "image": "https://assets.shop.loblaws.ca/products/21353343/b3/en/front/21353343_front_a06_@2.png",
        "point": null,
        "stock": null,
        "weight": "635 g, $0.94/100g",
        "last_update": "2024-11-20",
        "storetype": "Loblaws",
        "member_price": null,
        "non_member_price": null,
        "desc_price": null,
        "temp_id": null,
        "tsv_title_brand": "'8':1 'lemon':2 'meringu':3 'pie':4",
        "count": 0,
        "cart": false
    },
    {
        "id": "7076089",
        "category": "Bakery",
        "storeID": "4429",
        "productID": "21297469_EA",
        "title": "Cherry Pie, 8 Inch",
        "brand": null,
        "regprice": null,
        "saleprice": "$6.00",
        "wasprice": "$6.99",
        "sale": "SAVE $0.99",
        "image": "https://assets.shop.loblaws.ca/products/21297469/b3/en/front/21297469_front_a06_@2.png",
        "point": null,
        "stock": null,
        "weight": "680 g, $0.88/100g",
        "last_update": "2024-11-20",
        "storetype": "Loblaws",
        "member_price": null,
        "non_member_price": null,
        "desc_price": null,
        "temp_id": null,
        "tsv_title_brand": "'8':3 'cherri':1 'inch':4 'pie':2",
        "count": 0,
        "cart": false
    },
    {
        "id": "7072034",
        "category": "Frozen Food",
        "storeID": "4429",
        "productID": "20318102_EA",
        "title": "Original New York- Style Cheesecake",
        "brand": "President's Choice",
        "regprice": null,
        "saleprice": "$10.99",
        "wasprice": "$11.49",
        "sale": "SAVE $0.50",
        "image": "https://assets.shop.loblaws.ca/products/20318102/b3/en/front/20318102_front_a06_@2.png",
        "point": null,
        "stock": null,
        "weight": "600 g, $1.83/100g",
        "last_update": "2024-11-20",
        "storetype": "Loblaws",
        "member_price": null,
        "non_member_price": null,
        "desc_price": null,
        "temp_id": null,
        "tsv_title_brand": "'cheesecak':5 'choic':8 'new':2 'origin':1 'presid':6 'style':4 'york':3",
        "count": 0,
        "cart": false
    },
    {
        "id": "7072023",
        "category": "Frozen Food",
        "storeID": "4429",
        "productID": "21479848_EA",
        "title": "Nanaimo Bar New York-Style Cheesecake",
        "brand": "President's Choice",
        "regprice": null,
        "saleprice": "$10.00",
        "wasprice": "$11.49",
        "sale": "SAVE $1.49",
        "image": "https://assets.shop.loblaws.ca/products/21479848/b3/en/front/21479848_front_a06_@2.png",
        "point": null,
        "stock": null,
        "weight": "600 g, $1.67/100g",
        "last_update": "2024-11-20",
        "storetype": "Loblaws",
        "member_price": null,
        "non_member_price": null,
        "desc_price": null,
        "temp_id": null,
        "tsv_title_brand": "'bar':2 'cheesecak':7 'choic':10 'nanaimo':1 'new':3 'presid':8 'style':6 'york':5 'york-styl':4",
        "count": 0,
        "cart": false
    },
    {
        "id": "7072031",
        "category": "Frozen Food",
        "storeID": "4429",
        "productID": "21395368_EA",
        "title": "Chocolate Caramel Pecan Cluster New York-Style Cheesecake",
        "brand": "President's Choice",
        "regprice": null,
        "saleprice": "$10.99",
        "wasprice": "$11.49",
        "sale": "SAVE $0.50",
        "image": "https://assets.shop.loblaws.ca/products/21395368/b3/en/front/21395368_front_a06_@2.png",
        "point": null,
        "stock": null,
        "weight": "600 g, $1.83/100g",
        "last_update": "2024-11-20",
        "storetype": "Loblaws",
        "member_price": null,
        "non_member_price": null,
        "desc_price": null,
        "temp_id": null,
        "tsv_title_brand": "'caramel':2 'cheesecak':9 'chocol':1 'choic':12 'cluster':4 'new':5 'pecan':3 'presid':10 'style':8 'york':7 'york-styl':6",
        "count": 0,
        "cart": false
    },
    {
        "id": "7072129",
        "category": "Frozen Food",
        "storeID": "4429",
        "productID": "20287738_EA",
        "title": "Double Decker New York-Style Cheesecake",
        "brand": "President's Choice",
        "regprice": null,
        "saleprice": "$10.99",
        "wasprice": "$11.49",
        "sale": "SAVE $0.50",
        "image": "https://assets.shop.loblaws.ca/products/20287738/b3/en/front/20287738_front_a06_@2.png",
        "point": null,
        "stock": null,
        "weight": "600 g, $1.83/100g",
        "last_update": "2024-11-20",
        "storetype": "Loblaws",
        "member_price": null,
        "non_member_price": null,
        "desc_price": null,
        "temp_id": null,
        "tsv_title_brand": "'cheesecak':7 'choic':10 'decker':2 'doubl':1 'new':3 'presid':8 'style':6 'york':5 'york-styl':4",
        "count": 0,
        "cart": false
    },
    {
        "id": "7077570",
        "category": "Drinks",
        "storeID": "4429",
        "productID": "21240975_EA",
        "title": "Premium Medium Dark Roast K-Cup Coffee Pods, 30 Count",
        "brand": "McCafe",
        "regprice": null,
        "saleprice": "$20.99",
        "wasprice": "$24.99",
        "sale": "SAVE $4.00",
        "image": "https://assets.shop.loblaws.ca/products/21240975/b3/en/front/21240975_front_a06_@2.png",
        "point": null,
        "stock": null,
        "weight": "30 ea, $0.70/1ea",
        "last_update": "2024-11-20",
        "storetype": "Loblaws",
        "member_price": null,
        "non_member_price": null,
        "desc_price": null,
        "temp_id": null,
        "tsv_title_brand": "'30':10 'coffe':8 'count':11 'cup':7 'dark':3 'k':6 'k-cup':5 'mccafe':12 'medium':2 'pod':9 'premium':1 'roast':4",
        "count": 0,
        "cart": false
    },
    {
        "id": "7067009",
        "category": "Pantry",
        "storeID": "4429",
        "productID": "21592545_EA",
        "title": "Mushroom Pasta Sauce",
        "brand": "From Our Chefs",
        "regprice": null,
        "saleprice": "$5.00",
        "wasprice": "$6.00",
        "sale": "SAVE $1.00",
        "image": "https://assets.shop.loblaws.ca/products/21592545/b3/en/front/21592545_front_a06_@2.png",
        "point": null,
        "stock": null,
        "weight": "400 ml, $1.25/100ml",
        "last_update": "2024-11-20",
        "storetype": "Loblaws",
        "member_price": null,
        "non_member_price": null,
        "desc_price": null,
        "temp_id": null,
        "tsv_title_brand": "'chef':6 'mushroom':1 'pasta':2 'sauc':3",
        "count": 0,
        "cart": false
    },
    {
        "id": "7067190",
        "category": "Pantry",
        "storeID": "4429",
        "productID": "21592544_EA",
        "title": "Bolognese Pasta Sauce",
        "brand": "From Our Chefs",
        "regprice": null,
        "saleprice": "$5.00",
        "wasprice": "$6.00",
        "sale": "SAVE $1.00",
        "image": "https://assets.shop.loblaws.ca/products/21592544/b3/en/front/21592544_front_a06_@2.png",
        "point": null,
        "stock": null,
        "weight": "400 ml, $1.25/100ml",
        "last_update": "2024-11-20",
        "storetype": "Loblaws",
        "member_price": null,
        "non_member_price": null,
        "desc_price": null,
        "temp_id": null,
        "tsv_title_brand": "'bolognes':1 'chef':6 'pasta':2 'sauc':3",
        "count": 0,
        "cart": false
    },
    {
        "id": "7077439",
        "category": "Drinks",
        "storeID": "4429",
        "productID": "21477999_EA",
        "title": "PC® Cinnamon Swirl Naturally Flavoured Single Serve Coffee Pods",
        "brand": "President's Choice",
        "regprice": null,
        "saleprice": "$7.99",
        "wasprice": "$8.49",
        "sale": "SAVE $0.50",
        "image": "https://assets.shop.loblaws.ca/products/21477999/b3/en/front/21477999_front_a06_@2.png",
        "point": null,
        "stock": null,
        "weight": "136 g, $5.88/100g",
        "last_update": "2024-11-20",
        "storetype": "Loblaws",
        "member_price": null,
        "non_member_price": null,
        "desc_price": null,
        "temp_id": null,
        "tsv_title_brand": "'choic':12 'cinnamon':2 'coffe':8 'flavour':5 'natur':4 'pc':1 'pod':9 'presid':10 'serv':7 'singl':6 'swirl':3",
        "count": 0,
        "cart": false
    },
    {
        "id": "7077504",
        "category": "Drinks",
        "storeID": "4429",
        "productID": "21500188_EA",
        "title": "Medium Roast Instant and Microground Coffee",
        "brand": "President's Choice",
        "regprice": null,
        "saleprice": "$4.99",
        "wasprice": "$5.99",
        "sale": "SAVE $1.00",
        "image": "https://assets.shop.loblaws.ca/products/21500188/b3/en/front/21500188_front_a06_@2.png",
        "point": null,
        "stock": null,
        "weight": "100 g, $4.99/100g",
        "last_update": "2024-11-20",
        "storetype": "Loblaws",
        "member_price": null,
        "non_member_price": null,
        "desc_price": null,
        "temp_id": null,
        "tsv_title_brand": "'choic':9 'coffe':6 'instant':3 'medium':1 'microground':5 'presid':7 'roast':2",
        "count": 0,
        "cart": false
    },
    {
        "id": "7077562",
        "category": "Drinks",
        "storeID": "4429",
        "productID": "21501032_EA",
        "title": "Light Roast Instant Coffee",
        "brand": "President's Choice",
        "regprice": null,
        "saleprice": "$4.99",
        "wasprice": "$5.99",
        "sale": "SAVE $1.00",
        "image": "https://assets.shop.loblaws.ca/products/21501032/b3/en/front/21501032_front_a06_@2.png",
        "point": null,
        "stock": null,
        "weight": "100 g, $4.99/100g",
        "last_update": "2024-11-20",
        "storetype": "Loblaws",
        "member_price": null,
        "non_member_price": null,
        "desc_price": null,
        "temp_id": null,
        "tsv_title_brand": "'choic':7 'coffe':4 'instant':3 'light':1 'presid':5 'roast':2",
        "count": 0,
        "cart": false
    },
    {
        "id": "7077576",
        "category": "Drinks",
        "storeID": "4429",
        "productID": "21295438_EA",
        "title": "Cold Brew Coffee Concentrate, Signature Black",
        "brand": "Starbucks",
        "regprice": null,
        "saleprice": "$11.99",
        "wasprice": "$14.99",
        "sale": "SAVE $3.00",
        "image": "https://assets.shop.loblaws.ca/products/21295438/b3/en/front/21295438_front_a06_@2.png",
        "point": null,
        "stock": null,
        "weight": "946 ml, $1.27/100ml",
        "last_update": "2024-11-20",
        "storetype": "Loblaws",
        "member_price": null,
        "non_member_price": null,
        "desc_price": null,
        "temp_id": null,
        "tsv_title_brand": "'black':6 'brew':2 'coffe':3 'cold':1 'concentr':4 'signatur':5 'starbuck':7",
        "count": 0,
        "cart": false
    },
    {
        "id": "7077761",
        "category": "Drinks",
        "storeID": "4429",
        "productID": "20300006009_EA",
        "title": "Cranberry Raspberry Cocktail",
        "brand": "Ocean Spray",
        "regprice": null,
        "saleprice": "$3.99",
        "wasprice": "$4.49",
        "sale": "SAVE $0.50",
        "image": "https://assets.shop.loblaws.ca/products/20300006009/b3/en/front/20300006009_front_a06_@2.png",
        "point": null,
        "stock": null,
        "weight": "1.89 l, $0.21/100ml",
        "last_update": "2024-11-20",
        "storetype": "Loblaws",
        "member_price": null,
        "non_member_price": null,
        "desc_price": null,
        "temp_id": null,
        "tsv_title_brand": "'cocktail':3 'cranberri':1 'ocean':4 'raspberri':2 'spray':5",
        "count": 0,
        "cart": false
    },
    {
        "id": "7077770",
        "category": "Drinks",
        "storeID": "4429",
        "productID": "21506771_EA",
        "title": "Calamansi Lemonade",
        "brand": "President's Choice",
        "regprice": null,
        "saleprice": "$2.00",
        "wasprice": "$3.50",
        "sale": "SAVE $1.50",
        "image": "https://assets.shop.loblaws.ca/products/21506771/b3/en/front/21506771_front_a06_@2.png",
        "point": null,
        "stock": null,
        "weight": "1.54 l, $0.13/100ml",
        "last_update": "2024-11-20",
        "storetype": "Loblaws",
        "member_price": null,
        "non_member_price": null,
        "desc_price": null,
        "temp_id": null,
        "tsv_title_brand": "'calamansi':1 'choic':5 'lemonad':2 'presid':3",
        "count": 0,
        "cart": false
    },
    {
        "id": "7077760",
        "category": "Drinks",
        "storeID": "4429",
        "productID": "21531649_EA",
        "title": "Blue Menu Pulp Free Orange Juice",
        "brand": "PC Blue Menu",
        "regprice": null,
        "saleprice": "$5.99",
        "wasprice": "$6.99",
        "sale": "SAVE $1.00",
        "image": "https://assets.shop.loblaws.ca/products/21531649/b3/en/front/21531649_front_a06_@2.png",
        "point": null,
        "stock": null,
        "weight": "2.5 l, $0.24/100ml",
        "last_update": "2024-11-20",
        "storetype": "Loblaws",
        "member_price": null,
        "non_member_price": null,
        "desc_price": null,
        "temp_id": null,
        "tsv_title_brand": "'blue':1,8 'free':4 'juic':6 'menu':2,9 'orang':5 'pc':7 'pulp':3",
        "count": 0,
        "cart": false
    },
    {
        "id": "7077759",
        "category": "Drinks",
        "storeID": "4429",
        "productID": "20300006008_EA",
        "title": "Cranberry Cocktail",
        "brand": "Ocean Spray",
        "regprice": null,
        "saleprice": "$3.99",
        "wasprice": "$4.49",
        "sale": "SAVE $0.50",
        "image": "https://assets.shop.loblaws.ca/products/20300006008/b3/en/front/20300006008_front_a06_@2.png",
        "point": null,
        "stock": null,
        "weight": "1.89 l, $0.21/100ml",
        "last_update": "2024-11-20",
        "storetype": "Loblaws",
        "member_price": null,
        "non_member_price": null,
        "desc_price": null,
        "temp_id": null,
        "tsv_title_brand": "'cocktail':2 'cranberri':1 'ocean':3 'spray':4",
        "count": 0,
        "cart": false
    },
    {
        "id": "7077827",
        "category": "Drinks",
        "storeID": "4429",
        "productID": "21531782_EA",
        "title": "Black Sugar Milk Tea",
        "brand": "OKF",
        "regprice": null,
        "saleprice": "$2.99",
        "wasprice": "$3.49",
        "sale": "SAVE $0.50",
        "image": "https://assets.shop.loblaws.ca/products/21531782/b3/en/front/21531782_front_a06_@2.png",
        "point": null,
        "stock": null,
        "weight": "390 ml, $0.77/100ml",
        "last_update": "2024-11-20",
        "storetype": "Loblaws",
        "member_price": null,
        "non_member_price": null,
        "desc_price": null,
        "temp_id": null,
        "tsv_title_brand": "'black':1 'milk':3 'okf':5 'sugar':2 'tea':4",
        "count": 0,
        "cart": false
    },
    {
        "id": "7077823",
        "category": "Drinks",
        "storeID": "4429",
        "productID": "20744072005_EA",
        "title": "Orange Juice",
        "brand": "SunRype",
        "regprice": null,
        "saleprice": "$2.49",
        "wasprice": "$2.99",
        "sale": "SAVE $0.50",
        "image": "https://assets.shop.loblaws.ca/products/20744072005/b3/en/front/20744072005_front_a06_@2.png",
        "point": null,
        "stock": null,
        "weight": "900 ml, $0.28/100ml",
        "last_update": "2024-11-20",
        "storetype": "Loblaws",
        "member_price": null,
        "non_member_price": null,
        "desc_price": null,
        "temp_id": null,
        "tsv_title_brand": "'juic':2 'orang':1 'sunryp':3",
        "count": 0,
        "cart": false
    },
    {
        "id": "7078001",
        "category": "Drinks",
        "storeID": "4429",
        "productID": "20310546002_C06",
        "title": "Soda",
        "brand": "Pepsi",
        "regprice": null,
        "saleprice": "$4.00",
        "wasprice": "$6.00",
        "sale": "SAVE $2.00",
        "image": "https://assets.shop.loblaws.ca/products/20310546002/b3/en/front/20310546002_front_a06_@2.png",
        "point": null,
        "stock": null,
        "weight": "6x710.0 ml, $0.09/100ml",
        "last_update": "2024-11-20",
        "storetype": "Loblaws",
        "member_price": null,
        "non_member_price": null,
        "desc_price": null,
        "temp_id": null,
        "tsv_title_brand": "'pepsi':2 'soda':1",
        "count": 0,
        "cart": false
    },
    {
        "id": "7077776",
        "category": "Drinks",
        "storeID": "4429",
        "productID": "20300006003_EA",
        "title": "Diet Cranberry Juice",
        "brand": "Ocean Spray",
        "regprice": null,
        "saleprice": "$3.99",
        "wasprice": "$4.49",
        "sale": "SAVE $0.50",
        "image": "https://assets.shop.loblaws.ca/products/20300006003/b3/en/front/20300006003_front_a06_@2.png",
        "point": null,
        "stock": null,
        "weight": "1.89 l, $0.21/100ml",
        "last_update": "2024-11-20",
        "storetype": "Loblaws",
        "member_price": null,
        "non_member_price": null,
        "desc_price": null,
        "temp_id": null,
        "tsv_title_brand": "'cranberri':2 'diet':1 'juic':3 'ocean':4 'spray':5",
        "count": 0,
        "cart": false
    },
    {
        "id": "7077826",
        "category": "Drinks",
        "storeID": "4429",
        "productID": "20744072011_EA",
        "title": "Wildberry Juice",
        "brand": "SunRype",
        "regprice": null,
        "saleprice": "$2.49",
        "wasprice": "$2.99",
        "sale": "SAVE $0.50",
        "image": "https://assets.shop.loblaws.ca/products/20744072011/b3/en/front/20744072011_front_a06_@2.png",
        "point": null,
        "stock": null,
        "weight": "900 ml, $0.28/100ml",
        "last_update": "2024-11-20",
        "storetype": "Loblaws",
        "member_price": null,
        "non_member_price": null,
        "desc_price": null,
        "temp_id": null,
        "tsv_title_brand": "'juic':2 'sunryp':3 'wildberri':1",
        "count": 0,
        "cart": false
    },
    {
        "id": "7077757",
        "category": "Drinks",
        "storeID": "4429",
        "productID": "21531644_EA",
        "title": "Pulp Free Orange Juice",
        "brand": "President's Choice",
        "regprice": null,
        "saleprice": "$5.99",
        "wasprice": "$6.99",
        "sale": "SAVE $1.00",
        "image": "https://assets.shop.loblaws.ca/products/21531644/b3/en/front/21531644_front_a06_@2.png",
        "point": null,
        "stock": null,
        "weight": "2.5 l, $0.24/100ml",
        "last_update": "2024-11-20",
        "storetype": "Loblaws",
        "member_price": null,
        "non_member_price": null,
        "desc_price": null,
        "temp_id": null,
        "tsv_title_brand": "'choic':7 'free':2 'juic':4 'orang':3 'presid':5 'pulp':1",
        "count": 0,
        "cart": false
    },
    {
        "id": "7077784",
        "category": "Drinks",
        "storeID": "4429",
        "productID": "20318955001_EA",
        "title": "Clamato, The Works",
        "brand": "Mott's",
        "regprice": null,
        "saleprice": "$3.99",
        "wasprice": "$4.49",
        "sale": "SAVE $0.50",
        "image": "https://assets.shop.loblaws.ca/products/20318955001/b3/en/front/20318955001_front_a06_@2.png",
        "point": null,
        "stock": null,
        "weight": "1.89 l, $0.21/100ml",
        "last_update": "2024-11-20",
        "storetype": "Loblaws",
        "member_price": null,
        "non_member_price": null,
        "desc_price": null,
        "temp_id": null,
        "tsv_title_brand": "'clamato':1 'mott':4 'work':3",
        "count": 0,
        "cart": false
    },
    {
        "id": "7078008",
        "category": "Drinks",
        "storeID": "4429",
        "productID": "20305895001_C06",
        "title": "Soda",
        "brand": "Dr Pepper",
        "regprice": null,
        "saleprice": "$4.00",
        "wasprice": "$6.00",
        "sale": "SAVE $2.00",
        "image": "https://assets.shop.loblaws.ca/products/20305895001/b3/en/front/20305895001_front_a06_@2.png",
        "point": null,
        "stock": null,
        "weight": "6x710.0 ml, $0.09/100ml",
        "last_update": "2024-11-20",
        "storetype": "Loblaws",
        "member_price": null,
        "non_member_price": null,
        "desc_price": null,
        "temp_id": null,
        "tsv_title_brand": "'dr':2 'pepper':3 'soda':1",
        "count": 0,
        "cart": false
    },
    {
        "id": "7079783",
        "category": "Fish & Seafood",
        "storeID": "4429",
        "productID": "20699832_EA",
        "title": "Flake-Style Crab Flavoured Wild Alaska Pollock and Wild Pacific Whiting",
        "brand": "Seaquest",
        "regprice": null,
        "saleprice": "$3.49",
        "wasprice": "$4.49",
        "sale": "SAVE $1.00",
        "image": "https://assets.shop.loblaws.ca/products/20699832/b3/en/front/20699832_front_a06_@2.png",
        "point": null,
        "stock": null,
        "weight": "227 g, $1.54/100g",
        "last_update": "2024-11-20",
        "storetype": "Loblaws",
        "member_price": null,
        "non_member_price": null,
        "desc_price": null,
        "temp_id": null,
        "tsv_title_brand": "'alaska':7 'crab':4 'flake':2 'flake-styl':1 'flavour':5 'pacif':11 'pollock':8 'seaquest':13 'style':3 'white':12 'wild':6,10",
        "count": 0,
        "cart": false
    },
    {
        "id": "7079785",
        "category": "Fish & Seafood",
        "storeID": "4429",
        "productID": "20749901_EA",
        "title": "Lobster Flavoured Wild Alaska Pollock Chunks",
        "brand": "Seaquest",
        "regprice": null,
        "saleprice": "$3.49",
        "wasprice": "$4.49",
        "sale": "SAVE $1.00",
        "image": "https://assets.shop.loblaws.ca/products/20749901/b3/en/front/20749901_front_a06_@2.png",
        "point": null,
        "stock": null,
        "weight": "227 g, $1.54/100g",
        "last_update": "2024-11-20",
        "storetype": "Loblaws",
        "member_price": null,
        "non_member_price": null,
        "desc_price": null,
        "temp_id": null,
        "tsv_title_brand": "'alaska':4 'chunk':6 'flavour':2 'lobster':1 'pollock':5 'seaquest':7 'wild':3",
        "count": 0,
        "cart": false
    },
    {
        "id": "7065868",
        "category": "Pantry",
        "storeID": "4429",
        "productID": "20000177_EA",
        "title": "Creamy Horseradish Sauce",
        "brand": "President's Choice",
        "regprice": null,
        "saleprice": "$4.00",
        "wasprice": "$4.29",
        "sale": "SAVE $0.29",
        "image": "https://assets.shop.loblaws.ca/products/20000177/b3/en/front/20000177_front_a06_@2.png",
        "point": null,
        "stock": null,
        "weight": "250 ml, $1.60/100ml",
        "last_update": "2024-11-20",
        "storetype": "Loblaws",
        "member_price": "Prepared in Canada",
        "non_member_price": null,
        "desc_price": null,
        "temp_id": null,
        "tsv_title_brand": "'choic':6 'creami':1 'horseradish':2 'presid':4 'sauc':3",
        "count": 0,
        "cart": false
    },
    {
        "id": "7065331",
        "category": "Pantry",
        "storeID": "4429",
        "productID": "20039497001_EA",
        "title": "Original All Purpose Flour",
        "brand": "Robin Hood",
        "regprice": null,
        "saleprice": "$6.49",
        "wasprice": "$6.99",
        "sale": "SAVE $0.50",
        "image": "https://assets.shop.loblaws.ca/products/20039497001/b3/en/front/20039497001_front_a06_@2.png",
        "point": "1,000 PC Optimum Points",
        "stock": null,
        "weight": "2.5 kg, $0.26/100g",
        "last_update": "2024-11-20",
        "storetype": "Loblaws",
        "member_price": "Prepared in Canada",
        "non_member_price": null,
        "desc_price": null,
        "temp_id": null,
        "tsv_title_brand": "'flour':4 'hood':6 'origin':1 'purpos':3 'robin':5",
        "count": 0,
        "cart": false
    },
    {
        "id": "7065436",
        "category": "Pantry",
        "storeID": "4429",
        "productID": "20039497003_EA",
        "title": "Whole Wheat All Purpose Flour",
        "brand": "Robin Hood",
        "regprice": null,
        "saleprice": "$6.49",
        "wasprice": "$6.99",
        "sale": "SAVE $0.50",
        "image": "https://assets.shop.loblaws.ca/products/20039497003/b3/en/front/20039497003_front_a06_@2.png",
        "point": "1,000 PC Optimum Points",
        "stock": null,
        "weight": "2.5 kg, $0.26/100g",
        "last_update": "2024-11-20",
        "storetype": "Loblaws",
        "member_price": "Prepared in Canada",
        "non_member_price": null,
        "desc_price": null,
        "temp_id": null,
        "tsv_title_brand": "'flour':5 'hood':7 'purpos':4 'robin':6 'wheat':2 'whole':1",
        "count": 0,
        "cart": false
    },
    {
        "id": "7065330",
        "category": "Pantry",
        "storeID": "4429",
        "productID": "20039497005_EA",
        "title": "Unbleached All Purpose Flour",
        "brand": "Robin Hood",
        "regprice": null,
        "saleprice": "$6.49",
        "wasprice": "$6.99",
        "sale": "SAVE $0.50",
        "image": "https://assets.shop.loblaws.ca/products/20039497005/b3/en/front/20039497005_front_a06_@2.png",
        "point": "1,000 PC Optimum Points",
        "stock": null,
        "weight": "2.5 kg, $0.26/100g",
        "last_update": "2024-11-20",
        "storetype": "Loblaws",
        "member_price": "Prepared in Canada",
        "non_member_price": null,
        "desc_price": null,
        "temp_id": null,
        "tsv_title_brand": "'flour':4 'hood':6 'purpos':3 'robin':5 'unbleach':1",
        "count": 0,
        "cart": false
    },
    {
        "id": "7078739",
        "category": "Deli",
        "storeID": "4429",
        "productID": "20042333_EA",
        "title": "Pepperoni, Sliced",
        "brand": "Pillers",
        "regprice": null,
        "saleprice": "$6.99",
        "wasprice": "$8.99",
        "sale": "SAVE $2.00",
        "image": "https://assets.shop.loblaws.ca/products/20042333/b3/en/front/20042333_front_a06_@2.png",
        "point": null,
        "stock": null,
        "weight": "250 g, $27.96/1kg $2.80/100g",
        "last_update": "2024-11-20",
        "storetype": "Loblaws",
        "member_price": "Prepared in Canada",
        "non_member_price": null,
        "desc_price": null,
        "temp_id": null,
        "tsv_title_brand": "'pepperoni':1 'piller':3 'slice':2",
        "count": 0,
        "cart": false
    },
    {
        "id": "7059894",
        "category": "Dairy & Eggs",
        "storeID": "4429",
        "productID": "20056675_EA",
        "title": "Swiss Flavour Unsalted Butter Sticks",
        "brand": "Lactantia",
        "regprice": null,
        "saleprice": "$7.49",
        "wasprice": "$8.99",
        "sale": "SAVE $1.50",
        "image": "https://assets.shop.loblaws.ca/products/20056675/b3/en/front/20056675_front_a06_@2.png",
        "point": null,
        "stock": null,
        "weight": "4x113.5 g, $1.65/100g",
        "last_update": "2024-11-20",
        "storetype": "Loblaws",
        "member_price": "Prepared in Canada",
        "non_member_price": null,
        "desc_price": null,
        "temp_id": null,
        "tsv_title_brand": "'butter':4 'flavour':2 'lactantia':6 'stick':5 'swiss':1 'unsalt':3",
        "count": 0,
        "cart": false
    },
    {
        "id": "7079152",
        "category": "Deli",
        "storeID": "4429",
        "productID": "20251597_EA",
        "title": "Goat Brie Goat’s Milk Brie Cheese",
        "brand": "President's Choice",
        "regprice": null,
        "saleprice": "$6.99",
        "wasprice": "$7.99",
        "sale": "SAVE $1.00",
        "image": "https://assets.shop.loblaws.ca/products/20251597/b3/en/front/20251597_front_a06_@2.png",
        "point": null,
        "stock": null,
        "weight": "165 g, $4.24/100g",
        "last_update": "2024-11-20",
        "storetype": "Loblaws",
        "member_price": "Prepared in Canada",
        "non_member_price": null,
        "desc_price": null,
        "temp_id": null,
        "tsv_title_brand": "'brie':2,6 'chees':7 'choic':10 'goat':1,3 'milk':5 'presid':8",
        "count": 0,
        "cart": false
    },
    {
        "id": "7071072",
        "category": "Frozen Food",
        "storeID": "4429",
        "productID": "20296100001_EA",
        "title": "Ristorante Thin Crust Spinaci (Spinach) Pizza",
        "brand": "Dr Oetker",
        "regprice": null,
        "saleprice": "$4.00",
        "wasprice": "$5.50",
        "sale": "SAVE $1.50",
        "image": "https://assets.shop.loblaws.ca/products/20296100001/b3/en/front/20296100001_front_a06_@2.png",
        "point": null,
        "stock": null,
        "weight": "390 g, $1.03/100g",
        "last_update": "2024-11-20",
        "storetype": "Loblaws",
        "member_price": "Prepared in Canada",
        "non_member_price": null,
        "desc_price": null,
        "temp_id": null,
        "tsv_title_brand": "'crust':3 'dr':7 'oetker':8 'pizza':6 'ristorant':1 'spinach':5 'spinaci':4 'thin':2",
        "count": 0,
        "cart": false
    },
    {
        "id": "7064113",
        "category": "Pantry",
        "storeID": "4429",
        "productID": "20296985002_EA",
        "title": "Crunchy Peanut Butter",
        "brand": "No Name",
        "regprice": null,
        "saleprice": "$5.79",
        "wasprice": "$5.99",
        "sale": "SAVE $0.20",
        "image": "https://assets.shop.loblaws.ca/products/20296985002/b3/en/front/20296985002_front_a06_@2.png",
        "point": null,
        "stock": null,
        "weight": "1 kg, $0.58/100g",
        "last_update": "2024-11-20",
        "storetype": "Loblaws",
        "member_price": "Prepared in Canada",
        "non_member_price": null,
        "desc_price": null,
        "temp_id": null,
        "tsv_title_brand": "'butter':3 'crunchi':1 'name':5 'peanut':2",
        "count": 0,
        "cart": false
    },
    {
        "id": "7069435",
        "category": "Snacks, Chips & Candy",
        "storeID": "4429",
        "productID": "20303002001_EA",
        "title": "Crispy Minis Cheddar flavour brown rice chips",
        "brand": "Quaker",
        "regprice": null,
        "saleprice": "$3.00",
        "wasprice": "$3.50",
        "sale": "SAVE $0.50",
        "image": "https://assets.shop.loblaws.ca/products/20303002001/b3/en/front/20303002001_front_a06_@2.png",
        "point": null,
        "stock": null,
        "weight": "100 g, $3.00/100g",
        "last_update": "2024-11-20",
        "storetype": "Loblaws",
        "member_price": "Prepared in Canada",
        "non_member_price": null,
        "desc_price": null,
        "temp_id": null,
        "tsv_title_brand": "'brown':5 'cheddar':3 'chip':7 'crispi':1 'flavour':4 'mini':2 'quaker':8 'rice':6",
        "count": 0,
        "cart": false
    },
    {
        "id": "7069626",
        "category": "Snacks, Chips & Candy",
        "storeID": "4429",
        "productID": "20303002006_EA",
        "title": "Crispy Minis Ketchup flavour brown rice chips",
        "brand": "Quaker",
        "regprice": null,
        "saleprice": "$3.00",
        "wasprice": "$3.50",
        "sale": "SAVE $0.50",
        "image": "https://assets.shop.loblaws.ca/products/20303002006/b3/en/front/20303002006_front_a06_@2.png",
        "point": null,
        "stock": null,
        "weight": "100 g, $3.00/100g",
        "last_update": "2024-11-20",
        "storetype": "Loblaws",
        "member_price": "Prepared in Canada",
        "non_member_price": null,
        "desc_price": null,
        "temp_id": null,
        "tsv_title_brand": "'brown':5 'chip':7 'crispi':1 'flavour':4 'ketchup':3 'mini':2 'quaker':8 'rice':6",
        "count": 0,
        "cart": false
    },
    {
        "id": "7071195",
        "category": "Frozen Food",
        "storeID": "4429",
        "productID": "20309193001_EA",
        "title": "Butter Chicken",
        "brand": "PC Blue Menu",
        "regprice": null,
        "saleprice": "$3.50",
        "wasprice": "$4.50",
        "sale": "SAVE $1.00",
        "image": "https://assets.shop.loblaws.ca/products/20309193001/b3/en/front/20309193001_front_a06_@2.png",
        "point": null,
        "stock": null,
        "weight": "350 g, $1.00/100g",
        "last_update": "2024-11-20",
        "storetype": "Loblaws",
        "member_price": "Prepared in Canada",
        "non_member_price": null,
        "desc_price": null,
        "temp_id": null,
        "tsv_title_brand": "'blue':4 'butter':1 'chicken':2 'menu':5 'pc':3",
        "count": 0,
        "cart": false
    },
    {
        "id": "7071240",
        "category": "Frozen Food",
        "storeID": "4429",
        "productID": "20309193005_EA",
        "title": "Chicken Korma",
        "brand": "PC Blue Menu",
        "regprice": null,
        "saleprice": "$3.50",
        "wasprice": "$4.50",
        "sale": "SAVE $1.00",
        "image": "https://assets.shop.loblaws.ca/products/20309193005/b3/en/front/20309193005_front_a06_@2.png",
        "point": null,
        "stock": null,
        "weight": "350 g, $1.00/100g",
        "last_update": "2024-11-20",
        "storetype": "Loblaws",
        "member_price": "Prepared in Canada",
        "non_member_price": null,
        "desc_price": null,
        "temp_id": null,
        "tsv_title_brand": "'blue':4 'chicken':1 'korma':2 'menu':5 'pc':3",
        "count": 0,
        "cart": false
    },
    {
        "id": "7071179",
        "category": "Frozen Food",
        "storeID": "4429",
        "productID": "20312253001_EA",
        "title": "Butter Chicken",
        "brand": "President's Choice",
        "regprice": null,
        "saleprice": "$3.50",
        "wasprice": "$4.50",
        "sale": "SAVE $1.00",
        "image": "https://assets.shop.loblaws.ca/products/20312253001/b3/en/front/20312253001_front_a06_@2.png",
        "point": null,
        "stock": null,
        "weight": "350 g, $1.00/100g",
        "last_update": "2024-11-20",
        "storetype": "Loblaws",
        "member_price": "Prepared in Canada",
        "non_member_price": null,
        "desc_price": null,
        "temp_id": null,
        "tsv_title_brand": "'butter':1 'chicken':2 'choic':5 'presid':3",
        "count": 0,
        "cart": false
    },
    {
        "id": "7064720",
        "category": "Pantry",
        "storeID": "4429",
        "productID": "20313447001_EA",
        "title": "Red Kidney Beans",
        "brand": "Unico",
        "regprice": null,
        "saleprice": "$1.79",
        "wasprice": "$2.00",
        "sale": "SAVE $0.21",
        "image": "https://assets.shop.loblaws.ca/products/20313447001/b3/en/front/20313447001_front_a06_@2.png",
        "point": null,
        "stock": null,
        "weight": "540 ml, $0.33/100ml",
        "last_update": "2024-11-20",
        "storetype": "Loblaws",
        "member_price": "Prepared in Canada",
        "non_member_price": null,
        "desc_price": null,
        "temp_id": null,
        "tsv_title_brand": "'bean':3 'kidney':2 'red':1 'unico':4",
        "count": 0,
        "cart": false
    },
    {
        "id": "7064870",
        "category": "Pantry",
        "storeID": "4429",
        "productID": "20313447003_EA",
        "title": "Lentils",
        "brand": "Unico",
        "regprice": null,
        "saleprice": "$1.79",
        "wasprice": "$2.00",
        "sale": "SAVE $0.21",
        "image": "https://assets.shop.loblaws.ca/products/20313447003/b3/en/front/20313447003_front_a06_@2.png",
        "point": null,
        "stock": null,
        "weight": "540 ml, $0.33/100ml",
        "last_update": "2024-11-20",
        "storetype": "Loblaws",
        "member_price": "Prepared in Canada",
        "non_member_price": null,
        "desc_price": null,
        "temp_id": null,
        "tsv_title_brand": "'lentil':1 'unico':2",
        "count": 0,
        "cart": false
    },
    {
        "id": "7059898",
        "category": "Dairy & Eggs",
        "storeID": "4429",
        "productID": "20313456002_EA",
        "title": "Country Churned Salted Butter",
        "brand": "President's Choice",
        "regprice": null,
        "saleprice": "$6.99",
        "wasprice": "$8.49",
        "sale": "SAVE $1.50",
        "image": "https://assets.shop.loblaws.ca/products/20313456002/b3/en/front/20313456002_front_a06_@2.png",
        "point": null,
        "stock": null,
        "weight": "454 g, $1.54/100g",
        "last_update": "2024-11-20",
        "storetype": "Loblaws",
        "member_price": "Prepared in Canada",
        "non_member_price": null,
        "desc_price": null,
        "temp_id": null,
        "tsv_title_brand": "'butter':4 'choic':7 'churn':2 'countri':1 'presid':5 'salt':3",
        "count": 0,
        "cart": false
    },
    {
        "id": "7075080",
        "category": "Bakery",
        "storeID": "4429",
        "productID": "20318061001_EA",
        "title": "The Big 16",
        "brand": "Silver Hills",
        "regprice": null,
        "saleprice": "$5.99",
        "wasprice": "$6.49",
        "sale": "SAVE $0.50",
        "image": "https://assets.shop.loblaws.ca/products/20318061001/b3/en/front/20318061001_front_a06_@2.png",
        "point": null,
        "stock": null,
        "weight": "615 g, $0.97/100g",
        "last_update": "2024-11-20",
        "storetype": "Loblaws",
        "member_price": "Prepared in Canada",
        "non_member_price": null,
        "desc_price": null,
        "temp_id": null,
        "tsv_title_brand": "'16':3 'big':2 'hill':5 'silver':4",
        "count": 0,
        "cart": false
    },
    {
        "id": "7077663",
        "category": "Drinks",
        "storeID": "4429",
        "productID": "20320167002_EA",
        "title": "Chocolate Syrup",
        "brand": "Nestlé",
        "regprice": null,
        "saleprice": "$6.49",
        "wasprice": "$7.99",
        "sale": "SAVE $1.50",
        "image": "https://assets.shop.loblaws.ca/products/20320167002/b3/en/front/20320167002_front_a06_@2.png",
        "point": null,
        "stock": null,
        "weight": "700 ml, $0.93/100ml",
        "last_update": "2024-11-20",
        "storetype": "Loblaws",
        "member_price": "Prepared in Canada",
        "non_member_price": null,
        "desc_price": null,
        "temp_id": null,
        "tsv_title_brand": "'chocol':1 'nestlé':3 'syrup':2",
        "count": 0,
        "cart": false
    },
    {
        "id": "7078785",
        "category": "Deli",
        "storeID": "4429",
        "productID": "20321514_KG",
        "title": "Calabrese Spicy Salami (Thin Sliced)",
        "brand": "Mastro",
        "regprice": null,
        "saleprice": "$3.49",
        "wasprice": "$4.59",
        "sale": "SAVE $1.10",
        "image": "https://assets.shop.loblaws.ca/products/20321514/b3/en/front/20321514_front_a06_@2.png",
        "point": null,
        "stock": null,
        "weight": "$34.90/1kg",
        "last_update": "2024-11-20",
        "storetype": "Loblaws",
        "member_price": "Prepared in Canada",
        "non_member_price": null,
        "desc_price": null,
        "temp_id": null,
        "tsv_title_brand": "'calabres':1 'mastro':6 'salami':3 'slice':5 'spici':2 'thin':4",
        "count": 0,
        "cart": false
    },
    {
        "id": "7072021",
        "category": "Frozen Food",
        "storeID": "4429",
        "productID": "20322380003_EA",
        "title": "Drumstick Vanilla",
        "brand": "Nestlé",
        "regprice": null,
        "saleprice": "$5.49",
        "wasprice": "$5.99",
        "sale": "SAVE $0.50",
        "image": "https://assets.shop.loblaws.ca/products/20322380003/b3/en/front/20322380003_front_a06_@2.png",
        "point": null,
        "stock": null,
        "weight": "4x140.0 ml, $0.98/100ml",
        "last_update": "2024-11-20",
        "storetype": "Loblaws",
        "member_price": "Prepared in Canada",
        "non_member_price": null,
        "desc_price": null,
        "temp_id": null,
        "tsv_title_brand": "'drumstick':1 'nestlé':3 'vanilla':2",
        "count": 0,
        "cart": false
    },
    {
        "id": "7064563",
        "category": "Pantry",
        "storeID": "4429",
        "productID": "20323113001_EA",
        "title": "Quick Oats",
        "brand": "Quaker",
        "regprice": null,
        "saleprice": "$4.79",
        "wasprice": "$5.99",
        "sale": "SAVE $1.20",
        "image": "https://assets.shop.loblaws.ca/products/20323113001/b3/en/front/20323113001_front_a06_@2.png",
        "point": null,
        "stock": null,
        "weight": "1 kg, $0.48/100g",
        "last_update": "2024-11-20",
        "storetype": "Loblaws",
        "member_price": "Prepared in Canada",
        "non_member_price": null,
        "desc_price": null,
        "temp_id": null,
        "tsv_title_brand": "'oat':2 'quaker':3 'quick':1",
        "count": 0,
        "cart": false
    },
    {
        "id": "7066515",
        "category": "Pantry",
        "storeID": "4429",
        "productID": "20323181003_EA",
        "title": "Hot Salsa",
        "brand": "President's Choice",
        "regprice": null,
        "saleprice": "$4.50",
        "wasprice": "$4.99",
        "sale": "SAVE $0.49",
        "image": "https://assets.shop.loblaws.ca/products/20323181003/b3/en/front/20323181003_front_a06_@2.png",
        "point": null,
        "stock": null,
        "weight": "430 ml, $1.05/100ml",
        "last_update": "2024-11-20",
        "storetype": "Loblaws",
        "member_price": "Prepared in Canada",
        "non_member_price": null,
        "desc_price": null,
        "temp_id": null,
        "tsv_title_brand": "'choic':5 'hot':1 'presid':3 'salsa':2",
        "count": 0,
        "cart": false
    },
    {
        "id": "7072203",
        "category": "Frozen Food",
        "storeID": "4429",
        "productID": "20323573013_EA",
        "title": "Premium Black Cherry Ice Cream",
        "brand": "Chapmans",
        "regprice": null,
        "saleprice": "$5.99",
        "wasprice": "$6.99",
        "sale": "SAVE $1.00",
        "image": "https://assets.shop.loblaws.ca/products/20323573013/b3/en/front/20323573013_front_a06_@2.png",
        "point": null,
        "stock": null,
        "weight": "2 l, $0.30/100ml",
        "last_update": "2024-11-20",
        "storetype": "Loblaws",
        "member_price": "Prepared in Canada",
        "non_member_price": null,
        "desc_price": null,
        "temp_id": null,
        "tsv_title_brand": "'black':2 'chapman':6 'cherri':3 'cream':5 'ice':4 'premium':1",
        "count": 0,
        "cart": false
    },
    {
        "id": "7072028",
        "category": "Frozen Food",
        "storeID": "4429",
        "productID": "20342005003_EA",
        "title": "Almond Ice Cream Bar covered with Belgian chocolate",
        "brand": "Magnum",
        "regprice": null,
        "saleprice": "$5.00",
        "wasprice": "$5.50",
        "sale": "SAVE $0.50",
        "image": "https://assets.shop.loblaws.ca/products/20342005003/b3/en/front/20342005003_front_a06_@2.png",
        "point": null,
        "stock": null,
        "weight": "3x100.0 ml, $1.67/100ml",
        "last_update": "2024-11-20",
        "storetype": "Loblaws",
        "member_price": "Prepared in Canada",
        "non_member_price": null,
        "desc_price": null,
        "temp_id": null,
        "tsv_title_brand": "'almond':1 'bar':4 'belgian':7 'chocol':8 'cover':5 'cream':3 'ice':2 'magnum':9",
        "count": 0,
        "cart": false
    },
    {
        "id": "7077496",
        "category": "Drinks",
        "storeID": "4429",
        "productID": "20585365_EA",
        "title": "Gourmet West Coast Dark Roast Single Serve Coffee Pods",
        "brand": "President's Choice",
        "regprice": null,
        "saleprice": "$7.99",
        "wasprice": "$8.49",
        "sale": "SAVE $0.50",
        "image": "https://assets.shop.loblaws.ca/products/20585365/b3/en/front/20585365_front_a06_@2.png",
        "point": null,
        "stock": null,
        "weight": "12 ea, $0.67/1ea",
        "last_update": "2024-11-20",
        "storetype": "Loblaws",
        "member_price": "Prepared in Canada",
        "non_member_price": null,
        "desc_price": null,
        "temp_id": null,
        "tsv_title_brand": "'choic':12 'coast':3 'coffe':8 'dark':4 'gourmet':1 'pod':9 'presid':10 'roast':5 'serv':7 'singl':6 'west':2",
        "count": 0,
        "cart": false
    },
    {
        "id": "7077494",
        "category": "Drinks",
        "storeID": "4429",
        "productID": "20585545_EA",
        "title": "The Great Canadian Light to Medium Roast Single Serve Coffee Pods",
        "brand": "President's Choice",
        "regprice": null,
        "saleprice": "$7.99",
        "wasprice": "$8.49",
        "sale": "SAVE $0.50",
        "image": "https://assets.shop.loblaws.ca/products/20585545/b3/en/front/20585545_front_a06_@2.png",
        "point": null,
        "stock": null,
        "weight": "12 ea, $0.67/1ea",
        "last_update": "2024-11-20",
        "storetype": "Loblaws",
        "member_price": "Prepared in Canada",
        "non_member_price": null,
        "desc_price": null,
        "temp_id": null,
        "tsv_title_brand": "'canadian':3 'choic':14 'coffe':10 'great':2 'light':4 'medium':6 'pod':11 'presid':12 'roast':7 'serv':9 'singl':8",
        "count": 0,
        "cart": false
    },
    {
        "id": "7062149",
        "category": "Dairy & Eggs",
        "storeID": "4429",
        "productID": "20588372001_EA",
        "title": "Krema Yogurt Vanilla 10%,",
        "brand": "Olympic",
        "regprice": null,
        "saleprice": "$6.49",
        "wasprice": "$6.99",
        "sale": "SAVE $0.50",
        "image": "https://assets.shop.loblaws.ca/products/20588372001/b3/en/front/20588372001_front_a06_@2.png",
        "point": null,
        "stock": null,
        "weight": "650 g, $1.00/100g",
        "last_update": "2024-11-20",
        "storetype": "Loblaws",
        "member_price": "Prepared in Canada",
        "non_member_price": null,
        "desc_price": null,
        "temp_id": null,
        "tsv_title_brand": "'10':4 'krema':1 'olymp':5 'vanilla':3 'yogurt':2",
        "count": 0,
        "cart": false
    },
    {
        "id": "7061872",
        "category": "Dairy & Eggs",
        "storeID": "4429",
        "productID": "20609687001_EA",
        "title": "Nanö Drinkable Strawberry Yogurt 1%",
        "brand": "IOGO",
        "regprice": null,
        "saleprice": "$3.25",
        "wasprice": "$4.49",
        "sale": "SAVE $1.24",
        "image": "https://assets.shop.loblaws.ca/products/20609687001/b3/en/front/20609687001_front_a06_@2.png",
        "point": null,
        "stock": null,
        "weight": "6x93.0 ml, $0.58/100ml",
        "last_update": "2024-11-20",
        "storetype": "Loblaws",
        "member_price": "Prepared in Canada",
        "non_member_price": null,
        "desc_price": null,
        "temp_id": null,
        "tsv_title_brand": "'1':5 'drinkabl':2 'iogo':6 'nanö':1 'strawberri':3 'yogurt':4",
        "count": 0,
        "cart": false
    },
    {
        "id": "7061873",
        "category": "Dairy & Eggs",
        "storeID": "4429",
        "productID": "20609687002_EA",
        "title": "Nanö Drinkable Raspberry Yogurt 1%",
        "brand": "IOGO",
        "regprice": null,
        "saleprice": "$3.25",
        "wasprice": "$4.49",
        "sale": "SAVE $1.24",
        "image": "https://assets.shop.loblaws.ca/products/20609687002/b3/en/front/20609687002_front_a06_@2.png",
        "point": null,
        "stock": null,
        "weight": "6x93.0 ml, $0.58/100ml",
        "last_update": "2024-11-20",
        "storetype": "Loblaws",
        "member_price": "Prepared in Canada",
        "non_member_price": null,
        "desc_price": null,
        "temp_id": null,
        "tsv_title_brand": "'1':5 'drinkabl':2 'iogo':6 'nanö':1 'raspberri':3 'yogurt':4",
        "count": 0,
        "cart": false
    },
    {
        "id": "7077488",
        "category": "Drinks",
        "storeID": "4429",
        "productID": "20642266_EA",
        "title": "Gourmet Swiss Water Process Decaffeinated Medium Roast Single Serve Coffee Pods",
        "brand": "President's Choice",
        "regprice": null,
        "saleprice": "$7.99",
        "wasprice": "$8.49",
        "sale": "SAVE $0.50",
        "image": "https://assets.shop.loblaws.ca/products/20642266/b3/en/front/20642266_front_a06_@2.png",
        "point": null,
        "stock": null,
        "weight": "12 ea, $0.67/1ea",
        "last_update": "2024-11-20",
        "storetype": "Loblaws",
        "member_price": "Prepared in Canada",
        "non_member_price": null,
        "desc_price": null,
        "temp_id": null,
        "tsv_title_brand": "'choic':14 'coffe':10 'decaffein':5 'gourmet':1 'medium':6 'pod':11 'presid':12 'process':4 'roast':7 'serv':9 'singl':8 'swiss':2 'water':3",
        "count": 0,
        "cart": false
    },
    {
        "id": "7079101",
        "category": "Deli",
        "storeID": "4429",
        "productID": "20804533_EA",
        "title": "Cheese, Brie Light",
        "brand": "PC Blue Menu",
        "regprice": null,
        "saleprice": "$6.99",
        "wasprice": "$8.79",
        "sale": "SAVE $1.80",
        "image": "https://assets.shop.loblaws.ca/products/20804533/b3/en/front/20804533_front_a06_@2.png",
        "point": null,
        "stock": null,
        "weight": "175 g, $3.99/100g",
        "last_update": "2024-11-20",
        "storetype": "Loblaws",
        "member_price": "Prepared in Canada",
        "non_member_price": null,
        "desc_price": null,
        "temp_id": null,
        "tsv_title_brand": "'blue':5 'brie':2 'chees':1 'light':3 'menu':6 'pc':4",
        "count": 0,
        "cart": false
    },
    {
        "id": "7077653",
        "category": "Drinks",
        "storeID": "4429",
        "productID": "20896887_EA",
        "title": "Evaporated Milk",
        "brand": "Carnation",
        "regprice": null,
        "saleprice": "$2.49",
        "wasprice": "$2.79",
        "sale": "SAVE $0.30",
        "image": "https://assets.shop.loblaws.ca/products/20896887/b3/en/front/20896887_front_a06_@2.png",
        "point": null,
        "stock": null,
        "weight": "354 ml, $0.70/100ml",
        "last_update": "2024-11-20",
        "storetype": "Loblaws",
        "member_price": "Prepared in Canada",
        "non_member_price": null,
        "desc_price": null,
        "temp_id": null,
        "tsv_title_brand": "'carnat':3 'evapor':1 'milk':2",
        "count": 0,
        "cart": false
    },
    {
        "id": "7072027",
        "category": "Frozen Food",
        "storeID": "4429",
        "productID": "20950739_EA",
        "title": "Double Caramel Ice Cream Bar Belgian Chocolate",
        "brand": "Magnum",
        "regprice": null,
        "saleprice": "$5.00",
        "wasprice": "$5.50",
        "sale": "SAVE $0.50",
        "image": "https://assets.shop.loblaws.ca/products/20950739/b3/en/front/20950739_front_a06_@2.png",
        "point": null,
        "stock": null,
        "weight": "3x90.0 ml, $1.85/100ml",
        "last_update": "2024-11-20",
        "storetype": "Loblaws",
        "member_price": "Prepared in Canada",
        "non_member_price": null,
        "desc_price": null,
        "temp_id": null,
        "tsv_title_brand": "'bar':5 'belgian':6 'caramel':2 'chocol':7 'cream':4 'doubl':1 'ice':3 'magnum':8",
        "count": 0,
        "cart": false
    },
    {
        "id": "7077572",
        "category": "Drinks",
        "storeID": "4429",
        "productID": "20969834_EA",
        "title": "The Great Canadian Maple Flavoured Single Serve Coffee Pods",
        "brand": "President's Choice",
        "regprice": null,
        "saleprice": "$7.99",
        "wasprice": "$8.49",
        "sale": "SAVE $0.50",
        "image": "https://assets.shop.loblaws.ca/products/20969834/b3/en/front/20969834_front_a06_@2.png",
        "point": null,
        "stock": null,
        "weight": "136 g, $5.88/100g",
        "last_update": "2024-11-20",
        "storetype": "Loblaws",
        "member_price": "Prepared in Canada",
        "non_member_price": null,
        "desc_price": null,
        "temp_id": null,
        "tsv_title_brand": "'canadian':3 'choic':12 'coffe':8 'flavour':5 'great':2 'mapl':4 'pod':9 'presid':10 'serv':7 'singl':6",
        "count": 0,
        "cart": false
    },
    {
        "id": "7071200",
        "category": "Frozen Food",
        "storeID": "4429",
        "productID": "20987543_EA",
        "title": "Chicken Pad Thai",
        "brand": "President's Choice",
        "regprice": null,
        "saleprice": "$3.50",
        "wasprice": "$4.50",
        "sale": "SAVE $1.00",
        "image": "https://assets.shop.loblaws.ca/products/20987543/b3/en/front/20987543_front_a06_@2.png",
        "point": null,
        "stock": null,
        "weight": "365 g, $0.96/100g",
        "last_update": "2024-11-20",
        "storetype": "Loblaws",
        "member_price": "Prepared in Canada",
        "non_member_price": null,
        "desc_price": null,
        "temp_id": null,
        "tsv_title_brand": "'chicken':1 'choic':6 'pad':2 'presid':4 'thai':3",
        "count": 0,
        "cart": false
    },
    {
        "id": "7059901",
        "category": "Dairy & Eggs",
        "storeID": "4429",
        "productID": "21048044_EA",
        "title": "Salted Butter , With Sea Salt, Sticks",
        "brand": "Lactantia",
        "regprice": null,
        "saleprice": "$7.49",
        "wasprice": "$8.99",
        "sale": "SAVE $1.50",
        "image": "https://assets.shop.loblaws.ca/products/21048044/b3/en/front/21048044_front_a06_@2.png",
        "point": null,
        "stock": null,
        "weight": "454 g, $1.65/100g",
        "last_update": "2024-11-20",
        "storetype": "Loblaws",
        "member_price": "Prepared in Canada",
        "non_member_price": null,
        "desc_price": null,
        "temp_id": null,
        "tsv_title_brand": "'butter':2 'lactantia':7 'salt':1,5 'sea':4 'stick':6",
        "count": 0,
        "cart": false
    },
    {
        "id": "7061416",
        "category": "Dairy & Eggs",
        "storeID": "4429",
        "productID": "21060211_EA",
        "title": "Tre Formaggi Shredded Cheese Blend",
        "brand": "President's Choice",
        "regprice": null,
        "saleprice": "$5.00",
        "wasprice": "$6.99",
        "sale": "SAVE $1.99",
        "image": "https://assets.shop.loblaws.ca/products/21060211/b3/en/front/21060211_front_a06_@2.png",
        "point": null,
        "stock": null,
        "weight": "320 g, $1.56/100g",
        "last_update": "2024-11-20",
        "storetype": "Loblaws",
        "member_price": "Prepared in Canada",
        "non_member_price": null,
        "desc_price": null,
        "temp_id": null,
        "tsv_title_brand": "'blend':5 'chees':4 'choic':8 'formaggi':2 'presid':6 'shred':3 'tre':1",
        "count": 0,
        "cart": false
    },
    {
        "id": "7069234",
        "category": "Snacks, Chips & Candy",
        "storeID": "4429",
        "productID": "21062205_EA",
        "title": "Vanilla Crispy Squares",
        "brand": "Made Good",
        "regprice": null,
        "saleprice": "$3.00",
        "wasprice": "$3.99",
        "sale": "SAVE $0.99",
        "image": "https://assets.shop.loblaws.ca/products/21062205/b3/en/front/21062205_front_a06_@2.png",
        "point": null,
        "stock": null,
        "weight": "132 g, $2.27/100g",
        "last_update": "2024-11-20",
        "storetype": "Loblaws",
        "member_price": "Prepared in Canada",
        "non_member_price": null,
        "desc_price": null,
        "temp_id": null,
        "tsv_title_brand": "'crispi':2 'good':5 'made':4 'squar':3 'vanilla':1",
        "count": 0,
        "cart": false
    },
    {
        "id": "7060516",
        "category": "Dairy & Eggs",
        "storeID": "4429",
        "productID": "21083518_EA",
        "title": "Lactose Free Triple Cheddar Shredded Cheese Blend",
        "brand": "President's Choice",
        "regprice": null,
        "saleprice": "$5.00",
        "wasprice": "$6.99",
        "sale": "SAVE $1.99",
        "image": "https://assets.shop.loblaws.ca/products/21083518/b3/en/front/21083518_front_a06_@2.png",
        "point": null,
        "stock": null,
        "weight": "320 g, $1.56/100g",
        "last_update": "2024-11-20",
        "storetype": "Loblaws",
        "member_price": "Prepared in Canada",
        "non_member_price": null,
        "desc_price": null,
        "temp_id": null,
        "tsv_title_brand": "'blend':7 'cheddar':4 'chees':6 'choic':10 'free':2 'lactos':1 'presid':8 'shred':5 'tripl':3",
        "count": 0,
        "cart": false
    },
    {
        "id": "7070057",
        "category": "Snacks, Chips & Candy",
        "storeID": "4429",
        "productID": "21205166_EA",
        "title": "Classic Recipe Holiday Gift Chocolates",
        "brand": "Nestlé",
        "regprice": null,
        "saleprice": "$11.99",
        "wasprice": "$15.99",
        "sale": "SAVE $4.00",
        "image": "https://assets.shop.loblaws.ca/products/21205166/b3/en/front/21205166_front_a06_@2.png",
        "point": null,
        "stock": null,
        "weight": "350 g, $3.43/100g",
        "last_update": "2024-11-20",
        "storetype": "Loblaws",
        "member_price": "Prepared in Canada",
        "non_member_price": null,
        "desc_price": null,
        "temp_id": null,
        "tsv_title_brand": "'chocol':5 'classic':1 'gift':4 'holiday':3 'nestlé':6 'recip':2",
        "count": 0,
        "cart": false
    },
    {
        "id": "7059899",
        "category": "Dairy & Eggs",
        "storeID": "4429",
        "productID": "21279362_EA",
        "title": "Buttery Taste Margarine",
        "brand": "Becel",
        "regprice": null,
        "saleprice": "$6.99",
        "wasprice": "$7.99",
        "sale": "SAVE $1.00",
        "image": "https://assets.shop.loblaws.ca/products/21279362/b3/en/front/21279362_front_a06_@2.png",
        "point": null,
        "stock": null,
        "weight": "637 g, $1.10/100g",
        "last_update": "2024-11-20",
        "storetype": "Loblaws",
        "member_price": "Prepared in Canada",
        "non_member_price": null,
        "desc_price": null,
        "temp_id": null,
        "tsv_title_brand": "'becel':4 'butteri':1 'margarin':3 'tast':2",
        "count": 0,
        "cart": false
    }
]